@article{Bogaart-Scholte2012,
author = {Bogaart-Scholte, M.W.M. and van der Weijden, M.H. and Naber, A. and Wetsteijn, L.P.M.J. and Roos, M.},
journal = {Milieumeetnet Rijkswateren. Rijkswaterstaat Waterdienst.},
title = {{MWTL MEETPLAN 2015 Monitoring Waterstaatkundige Toestand des Lands.}},
year = {2014}
}

@TechReport{Brongers2011,
  author      = {Brongers, I},
  institution = {Rijkswaterstaat},
  title       = {{Bepaling Fysisch Chemische veldparameters, werkdocument, versie 1 december 2011, RWSV 913.00.W015.}},
  year        = {2011},
}

@article{flynn2019mixotrophic,
  title={Mixotrophic protists and a new paradigm for marine ecology: where does plankton research go now?},
  author={Flynn, Kevin J and Mitra, Aditee and Anestis, Konstantinos and Ansch{\"u}tz, Anna A and Calbet, Albert and Ferreira, Guilherme Duarte and Gypens, Nathalie and Hansen, Per J and John, Uwe and Martin, Jon Lapeyra and others},
  journal={Journal of Plankton Research},
  volume={41},
  number={4},
  pages={375--391},
  year={2019},
  publisher={Oxford University Press}
}

@book{Hoek1995,
author = {Hoek, C. and van den, Mann, D.G. and Jahns, H.M.},
publisher = {Cambridge University Press},
title = {{Algae. An introduction to phycology}},
year = {1995}
}

@Book{Holthuijsen2007,
  author    = {Holthuijsen, L.H.},
  publisher = {Cambridge University Press},
  title     = {{Waves in Oceanic and Coastal Waters}},
  year      = {2007},
}

@article{Koeman2009,
author = {Koeman, R.P.T. and Brochard, C.J.E. and Fockens, K. and van den Oever, A. and van Wezel, R.M. and Mulderij, G.},
journal = {Koeman en Bijkerk bv, Haren.},
title = {{Geannoteerde soortenlijst biomonitoring fytoplankton Nederlandse zoute wateren 1990-2008. Rapport 2009-098}},
year = {2009}
}

@article{mitra2023mixoplankton,
  title={The Mixoplankton Database (MDB): Diversity of photo-phago-trophic plankton in form, function, and distribution across the global ocean},
  author={Mitra, Aditee and Caron, David A and Faure, Emile and Flynn, Kevin J and Leles, Suzana Gon{\c{c}}alves and Hansen, Per J and McManus, George B and Not, Fabrice and do Rosario Gomes, Helga and Santoferrara, Luciana F and others},
  journal={Journal of Eukaryotic Microbiology},
  pages={e12972},
  year={2023},
  publisher={Wiley Online Library}
}

@article{Peperzak2010,
author = {Peperzak, L.},
journal = {J. Sea Res.},
title = {{An objective procedure to remove observer-bias from phytoplankton time-series}},
year = {2010}
}

@article{Schneider2020,
  title={A dataset on trophic modes of aquatic protists},
  author={Schneider, Lisa K and Anestis, Konstantinos and Mansour, Joost and Ansch{\"u}tz, Anna A and Gypens, Nathalie and Hansen, Per J and John, Uwe and Klemm, Kerstin and Martin, Jon Lapeya and Medic, Nikola and others},
  journal={Biodiversity data journal},
  volume={8},
  year={2020},
  publisher={Pensoft Publishers}
}

@article{Spronk2008,
author = {Spronk, G.C.},
journal = {Nummer RIKZ/ZDE/1007.862.w.},
title = {{Werkdocument Doorzicht Westerschelde 1996-2007 (Move / Moneos)}},
year = {2008}
}

@book{Tomas1997,
author = {Tomas, C.R.},
publisher = {Academic Press, San Diego},
title = {{Identifying Marine Phytoplankton}},
year = {1997}
}

@article{VanBentem2011,
author = {van Bentem, D.},
journal = {Bachelor Eindw.},
number = {Universiteit Utrecht},
title = {{De effecten van perinatale blootstelling aan PCBâ€™s op de immuunrespons}},
year = {2011}
}

@article{VandenBerg,
author = {{Van den Berg}, M and Birnbaum, L. S. and Denison, M. and {De Vito}, M. and Farland, W. and Feeley, M and Peterson, R. E.},
journal = {An Off. J. Soc. Toxicol.},
title = {{The 2005 World Health Organization Re-evaluation of Human and Mammalian Toxic Equivalency Factors for Dioxins and Dioxin-like Compounds. Toxicological Sciences?}},
year = {2006}
}

@Book{VanRijn1994a,
	author = {{Van Rijn}, L. C.},
	ALTeditor = {{University of Utrecht, Department of Physical Geography}, Utrecht. WL|Delft and Hydraulics, Delft.},
	title = {Principles of fluid flow and surface waves in rivers, estuaries, seas and oceans},
	publisher = {Aqua Publications},
	year = {1994},
}

@TechReport{Wetsteyn,
  author      = {Wetsteyn, L.P.M.J. and Duin, R.N.M. and Kromkamp, J.C. and Latuhihin, M.J. and Peene, J. and Pouwer, A. and Prins, T.C},
  institution = {Rijkswaterstaat},
  title       = {{Verkenning draagkracht Oosterschelde. Onderzoek naar veranderingen en trends in de Oosterschelde in de periode 1990 t/m 2000}},
  year        = {2003},
  journal     = {Rapp. RIKZ/2003.049},
}


@article{W1989,
author = {Slooff, W.},
journal = {RIVM, Bilthoven},
title = {{Basisdocument PAK}},
volume = {Rapport 75},
year = {1989}
}

@article{BreugemHolt2006,
author = {Breugem, W.A.and Holthuijsen, L.H.},
journal = {Journal of Waterway, Port, Coastal and Ocean Engineering},
title = {{Generalised wave growth from Lake George}},
year = {2006}
}

@article{ERL2017,
	author = {Deltares},
	journal = {Kenmerk: 1209394-000-ZKS-0016},
	title = {{Eerstelijnsrapportage Westerschelde 2017}},
	year = {2018}
}

@article{ERL2016,
author = {Deltares},
journal = {Kenmerk: 1209394-000-ZKS-0016},
title = {{Eerstelijnsrapportage Westerschelde 2016}},
year = {2017}
}

@article{ELR2015,
author = {Deltares},
journal = {Kenmerk: 1209394-000-ZKS-0016},
title = {{Eerstelijnsrapportage Westerschelde 2015}},
year = {2016}
}

@article{ELR2014,
author = {Deltares},
journal = {Kenmerk: 1209394-000-ZKS-0016},
title = {{Eerstelijnsrapportage Westerschelde 2014}},
year = {2015}
}

@article{ELR2013,
author = {Deltares},
journal = {Kenmerk: 1209394-000-ZKS-0016},
title = {{Eerstelijnsrapportage Westerschelde 2013}},
year = {2014}
}

@article{ELR2012,
author = {Deltares},
journal = {Kenmerk: 1205529-000-ZKS-0006},
title = {{Eerstelijnsrapportage Westerschelde 2012}},
year = {2013}
}

@article{ELR2011,
author = {Deltares},
journal = {Kenmerk: 1205529-000-ZKS-0006},
title = {{Eerstelijnsrapportage Westerschelde 2011}},
year = {2012}
}

@article{ELR2010,
author = {Deltares},
journal = {Kenmerk: 1205529-000-ZKS-0006},
title = {{Eerstelijnsrapportage Westerschelde 2010}},
year = {2011}
}

@Comment{jabref-meta: databaseType:bibtex;}
