@Article{Kromkamp1995aa,
  author = {Jacco Kromkamp and Christiane Barranguet and Jan Peene},
  title = {{MARINE ECOLOGY PROGRESS SERIES Mar Ecol Prog Ser Determination of microphytobenthos PSI1 quantum efficiency and photosynthetic activity by means of variable chlorophyll fluorescence}},
  journal = {Marine Ecology Progress Series},
  year = {1998},
  volume = {162},
  pages = {45--55},
  keywords = {Chlorophyll fluorescence,Eastern Scheldt,Microphytobenthos,Oosterschelde,Photosynthesis,Vert$\sim$cal I-rugratlon C-limitation,Waddenzee,Westerschelde,primary production,waddenzee},
  abstract = {A pulse amplitude modulated fluorometer (PAM) was used to investigate photosynthetic activity of m$\sim$crophytobenthos on an Intertidal mudflat Spectral $\sim$rradiance measurements Indicate that 7500 of the signal detectable by the PAM onginates In the upper 150 pm of the s e d $\sim$ m e n t From the photosynthetic electron transport rate (ETR) measurements, it was concluded that the PAM could be used to observe changes in photosynthetic parameters during the day or the season Photoacclimation to lower irrad$\sim$ance was ind$\sim$cated by changes in the maximum ETR and the saturating photon irradi-ance parameter I, When cores were exposed to a high photon irradiance for several hours, vertical migration could be followed using reflectance spectra The data also showed that the benthic algae did not seem to expenence photoinhib$\sim$tion or COZ limitation To explain this, $\sim$t is hypothes$\sim$sed that there is a continuous vertical migration in the top layer of the s e d $\sim$ m e n t , whele algae can a v o $\sim$ d photoinhibi-tion due to prolonged periods of high irrad$\sim$ance and lack of CO2 by m$\sim$grating downwards whlle others migrate upwards},
  url = {http://www.int-res.com/articles/meps/162/m162p045.pdf},
  file = {:C\:/Users/stolte/AppData/Local/Mendeley Ltd./Mendeley Desktop/Downloaded/Kromkamp, Barranguet, Peene - 1998 - MARINE ECOLOGY PROGRESS SERIES Mar Ecol Prog Ser Determination of microphytobenthos PSI1 quantum ef.pdf:PDF},
}

@TechReport{Koeman2005,
  author = {R P T Koeman and C J E Brochard and M J J E Loonen and K Fockens},
  title = {{Geannoteerde soortenlijst biomonitoring fytoplankton Nederlandse zoute wateren 1990-2004}},
  year = {2005},
  institution = {Koeman & Bijkerk bv},
  keywords = {Eastern Scheldt,Grevelingen,Oosterschelde,Waddenzee,Westerschelde,veersemeer,waddenzee},
  abstract = {In opdracht van het Rijksinstituut voor Kust en Zee/RIKZ Postbus 20907 2500 EX s Gravenhage},
  file = {:C\:/Users/stolte/AppData/Local/Mendeley Ltd./Mendeley Desktop/Downloaded/Koeman et al. - 2005 - Geannoteerde soortenlijst biomonitoring fytoplankton Nederlandse zoute wateren 1990-2004.pdf:PDF},
}

@TechReport{Herman2018,
  author = {P M J Herman and Van Kessel T and Vroom J and Dankers P and Cleveringa J and De Vries B and Villars N},
  title = {{Mud dynamics in the Wadden Sea}},
  year = {2018},
  institution = {Deltares},
  address = {Delft},
  keywords = {Waddenzee,Westerschelde,primary production,waddenzee,zeespiegel},
  file = {:C\:/Users/stolte/AppData/Local/Mendeley Ltd./Mendeley Desktop/Downloaded/Herman et al. - 2018 - Mud dynamics in the Wadden Sea.pdf:PDF},
}

@TechReport{Postma2015,
  author = {J F Postma and C M Keijzers},
  title = {{Biota-monitoring binnen de KRW. De opzet van een landelijk meetnet.}},
  year = {2015},
  institution = {Ecofide},
  keywords = {Waddenzee,Westerschelde},
  file = {:C\:/Users/stolte/AppData/Local/Mendeley Ltd./Mendeley Desktop/Downloaded/Postma, Keijzers - 2015 - Biota-monitoring binnen de KRW. De opzet van een landelijk meetnet.pdf:PDF},
}

@TechReport{Craeymeersch2007,
  author = {{RIKZ}},
  title = {{Waterkwaliteit en ecologie Veerse Meer : het tij is gekeerd}},
  year = {2007},
  institution = {RIKZ},
  address = {Middelburg},
  number = {008},
  keywords = {Eastern Scheldt,Oosterschelde,Westerschelde,veersemeer},
  abstract = {Sinds het ontstaan van het Veerse Meer in 1961 is de kwaliteit van het water en het ecosysteem steeds verder achteruitgegaan. De belangrijkste problemen waren de toevoer van zoet (te) voedselrijk polderwater, sterk wisselende zoutgehalten door het inlaten van zout water in het voorjaar t.b.v. het peilbeheer en gelaagdheid van het water als gevolg van het peilbeheer, het zwaardere zoute water 'kroop' onder het zoete water. De opwarming van de zoetere bovenlaag in de zomer versterkte de gelaagdheid. Deze (combinatie) van factoren leidde tot overmatige algenbloeien, waardoor het water troebeler werd; zuurstofloosheid van grote oppervlakten op en bij de bodem van het meer en massale aanwezigheid van Zeesla, die overlast voor de recreanten tot gevolg had en die later in het seizoen door afsterven leidde tot stankoverlast. Troebelheid, wisselende zoutgehalten, hoge concentratie nutri%nten (voedselrijk) en zuurstofloos van het water leidden ertoe, dat in het Veerse Meer de soortendiversiteit van planten en dieren erg gering was. In de Milieu Effect Rapportage van 1989 is waterverversing naar voren gekomen als een manier om de waterkwaliteitsproblemen op te lossen. Zowel modelstudies als expert judgement ondersteunden in een later stadium de keus voor de aanleg van een doorlaatmiddel. Dit mondt uiteindelijk in 2004 uit in de opening van de Katse Heule, een doorlaatmiddel in de Zandkreekdam dat de uitwisseling van water tussen de Oosterschelde en het Veerse Meer mogelijk maakt. In de zomer wordt per tij gemiddeld zowel 40 m3/s in- als uitgelaten. In verband met het peilbeheer loopt dat in de winter terug tot 23 m3/s. Sinds de ingebruikname van het doorlaatmiddel in juni 2004 zijn de veranderingen in het Veerse Meer nauwkeurig gevolgd. Dit rapport geeft een tussenevaluatie op basis van de gegevens tot eind 2006. Een volledige evaluatie kan pas worden uitgevoerd als het Veerse Meer weer helemaal in evenwicht is. Het doorlaatmiddel is een succes. Een groter succes zelfs dan berekend is en verwacht werd. De toevoer van het polderwater is hetzelfde gebleven, maar het voedselrijke water wordt nu sneller afgevoerd naar de Oosterschelde. Het fosfaatgehalte is bijvoorbeeld met een factor 2 afgenomen in de winter en in de zomer zelfs met een factor 5. Het stikstofgehalte daalde met 30%. Het zoutgehalte van het Veerse Meer ligt het hele jaar door maar iets lager dan het zoutgehalte van de Oosterschelde en de gelaagdheid als gevolg van de inlaat van zout water is verdwenen. Wel was sprake van temperatuurstratificatie, maar de zuurstofloosheid bleef beperkt tot korte (warme) periodes en in de diepe putten. Er is geen overmatige bloei van Zeesla geweest, maar de kans daarop blijft wel aanwezig, omdat de stikstofconcentratie in het voorjaar hoog blijft. Het gemiddelde doorzicht nam weliswaar toe, maar niet zoveel als voorspeld. Dit is vooral te wijten aan het lage doorzicht (1m) in de warme zomermaanden van 2006. Het aantal soorten dieren en planten in het Veerse Meer is sinds de ingebruikname van de Katse Heule duidelijk toegenomen. Er is (nog) geen afname van brakke bodemdiersoorten waargenomen en het aantal soorten zoutwaterbodemdieren is vooral in het oosten flink toegenomen (o.a. soorten krabben, garnalen), ook de mossel is terug in het Veerse Meer. De gegevens over vissen zijn nog niet gerapporteerd, maar het is wel duidelijk dat er na 2004 meer soorten zijn aangetroffen, bijvoorbeeld de Zeebaars, Ansjovis en de trekvis de Fint. De verbetering van het doorzicht en herstel van de vissoorten lijkt al tot een herstel van de visetende vogels hebben geleid. Ook de andere vogelsoorten lijken te profiteren van de herstellende waterkwaliteit. In dit rapport wordt ook vastgesteld dat met het huidige peilbeheer de oeverzone tussen NAP -0,1m en NAP -0,6m (ca 15% van het totale oppervlak) in de winterperiode droogvalt. De bodemorganismen in deze zone sterven jaarlijks grotendeels af als gevolg van uitdroging, predatie en vorst. Ook de kansen voor de terugkeer van zeegras zijn klein door het peilverschil tussen de zomer en winter. In 2005 startte een planstudie (MER) en op basis daarvan is ondertussen een concept peilbesluit genomen: het huidige zomerpeil blijft gehandhaafd en het winterpeil wordt verhoogd van NAP-0,60 m naar NAP -0,30 m om de ecologie en de waterkwaliteit van het meer nog verder te verbeteren. De lozing van polderwater op het meer zal verder gereduceerd worden door de vervanging van Gemaal Oostwatering door Gemaal Poppekinderen, dat gaat lozen op het Kanaal door Walcheren. De in dit rapport beschreven veranderingen in nutri%ntengehalten, doorzicht en algengroei na de ingebruikname van de Katse Heule zijn zo positief voor de waterkwaliteit, dat een verder vervolg van de afleiding van polderwater minder noodzakelijk lijkt. De volgende evaluatie, waar ook de resultaten van de nieuwe afwateringssituatie duidelijk zullen zijn, zal hier aandacht aan besteden},
  file = {:C\:/Users/stolte/AppData/Local/Mendeley Ltd./Mendeley Desktop/Downloaded/RIKZ - 2007 - Waterkwaliteit en ecologie Veerse Meer het tij is gekeerd.pdf:PDF},
}

@Article{Soetaert1995a,
  author = {Karline Soetaert and Peter M.J. Herman},
  title = {{Estimating estuarine residence times in the Westerschelde (The Netherlands) using a box model with fixed dispersion coefficients}},
  journal = {Hydrobiologia},
  year = {1995},
  volume = {311},
  number = {1-3},
  pages = {215--224},
  keywords = {Waddenzee,Westerschelde,estuary,residence times,waddenzee},
  abstract = {The residence time of the water masses in the Westerschelde estuary was determined using a simple compartment-model that simulates the advective-diffusive transport of a conservative dissolved substance (chlorinity). The residence time of a water parcel in the upstream part of the estuary (i.e. the time needed for this water parcel to leave the estuary) varied from about 50 days in winter to about 70 days in summer. The most seaward compartment had residence times of about 10-15 days. Dispersive coefficients that are fixed in time were able to reproduce the observed salinity distributions very well in the Westerschelde. They were obtained by calibration on observed chlorinities. It is argued that the apparent relationship of dispersive coefficients with freshwater flow, which is observed in certain studies, could (partly) reflect the deviation from steady state conditions which are required assumptions to calculate these dispersive coefficients directly from salinity profiles. {\textcopyright} 1995 Kluwer Academic Publishers.},
  issn = {00188158},
  doi = {10.1007/BF00008582},
  url = {https://doi.org/10.1007/BF00008582},
  file = {:C\:/Users/stolte/AppData/Local/Mendeley Ltd./Mendeley Desktop/Downloaded/Soetaert, Herman - 1995 - Estimating estuarine residence times in the Westerschelde (The Netherlands) using a box model with fixed dispe.pdf:PDF},
}

@TechReport{Waterstaatkundige2012a,
  author = {{Rijkswaterstaat}},
  title = {{MWTL Meetplan 2016}},
  year = {2012},
  institution = {Ministerie Infrastructuur en Milieu},
  keywords = {Ecotopenstelsel,Waddenzee,Westerschelde,ecotopenstelsel,veersemeer,waddenzee},
  isbn = {9789036914215},
  file = {:C\:/Users/stolte/AppData/Local/Mendeley Ltd./Mendeley Desktop/Downloaded/Rijkswaterstaat - 2012 - MWTL Meetplan 2016.pdf:PDF},
}

@TechReport{VanKessel2011a,
  author = {J Vanlede and A Eleveld},
  title = {{Validation and Application of Mud Model Scheldt Estuary}},
  year = {2011},
  institution = {Deltares},
  address = {Delft},
  keywords = {Eastern Scheldt,Oosterschelde,Westerschelde,zeespiegel},
  file = {:C\:/Users/stolte/AppData/Local/Mendeley Ltd./Mendeley Desktop/Downloaded/Van Kessel et al. - 2011 - Validation and Application of Mud Model Scheldt Estuary.pdf:PDF},
}

@PhdThesis{Nijmegen2002,
  author = {M J M {de Bie}},
  title = {{Factors controlling nitrification and nitrous oxide production in the Schelde estuary}},
  year = {2002},
  keywords = {Eastern Scheldt,Oosterschelde,Westerschelde,primary production,zeespiegel},
  abstract = {Page 1. Factors  controlling  nitrification and nitrous  oxide  production in the Schelde estuary een wetenschappelijke proeve op het gebied van de Natuurwetenschappen, Wiskunde en Informatica Proefschrift ter verkrijging van ...},
  school = {University Nijmegen},
  url = {http://www.vliz.be/imisdocs/publications/74321.pdf%5Cnpapers2://publication/uuid/DE9DC8CF-04A1-455F-8953-C5556F1A9169},
  file = {:C\:/Users/stolte/AppData/Local/Mendeley Ltd./Mendeley Desktop/Downloaded/de Bie - 2002 - Factors controlling nitrification and nitrous oxide production in the Schelde estuary.pdf:PDF},
}

@TechReport{Ongeclassificeerd2019,
  author = {M Bottema},
  title = {{Informatiebehoefte WBI-BOI Veldmetingen vanaf 2018 , met focus op Wadden en IJsselmeergebied}},
  year = {2019},
  institution = {Rijkswaterstaat WVL},
  number = {november 2018},
  keywords = {Waddenzee,Westerschelde,waddenzee,zeespiegel},
  file = {:C\:/Users/stolte/AppData/Local/Mendeley Ltd./Mendeley Desktop/Downloaded/Bottema - 2019 - Informatiebehoefte WBI-BOI Veldmetingen vanaf 2018 , met focus op Wadden en IJsselmeergebied.pdf:PDF},
}

@TechReport{Deltares2020,
  author = {{Deltares} and W Stolte},
  title = {{Light and primary production in the Western Scheldt . Primary production model scenarios}},
  year = {2020},
  institution = {Deltares},
  address = {Delft},
  keywords = {Westerschelde,primary production,zeespiegel},
  url = {https://kennisbank.deltares.nl/repos/11203725_000_0021.pdf},
  file = {:C\:/Users/stolte/AppData/Local/Mendeley Ltd./Mendeley Desktop/Downloaded/Deltares - 2020 - Light and primary production in the Western Scheldt . Primary production model scenarios.pdf:pdf;:C\:/Users/stolte/AppData/Local/Mendeley Ltd./Mendeley Desktop/Downloaded/Stolte - 2020 - Light and primary production in the Western Scheldt . Primary production model scenarios.pdf:PDF},
}

@TechReport{Postma2017,
  author = {J F Postma},
  title = {{Verbetering monitoring en toetsing KRW-chemie.}},
  year = {2017},
  institution = {Ecofide},
  keywords = {Westerschelde},
  url = {https://open.rijkswaterstaat.nl/publish/pages/84363/verbetering_monitoring_en_toetsing_krw-chemie.pdf},
  file = {:C\:/Users/stolte/AppData/Local/Mendeley Ltd./Mendeley Desktop/Downloaded/Postma - 2017 - Verbetering monitoring en toetsing KRW-chemie.pdf:PDF},
}

@Article{Prins2012,
  author = {T C Prins and X Desmit and J G Baretta-Bekker},
  title = {{Phytoplankton composition in Dutch coastal waters responds to changes in riverine nutrient loads}},
  journal = {Journal of Sea Research},
  year = {2012},
  publisher = {Elsevier B.V.},
  volume = {73},
  pages = {49--62},
  keywords = {Chaetoceros socialis,Eutrophication,North Sea,Phaeocystis globosa,Phytoplankton Blooms,Silica,Waddenzee,Westerschelde,primary production,waddenzee,zeespiegel},
  abstract = {The Southern Bight of the North Sea is a shallow shelf sea, strongly influenced by river-borne nutrient loads. Eutrophication symptoms manifest themselves as high levels of chlorophyll-a and long-lasting, extensive blooms of Phaeocystis globosa, especially in the waters along the continental coast. As a consequence of measures to reduce eutrophication, riverine phosphorus loads have decreased more than 50% in the last two decades, and nitrogen loads show a decrease of ca 30%. While decreases in riverine N and P loads are observed, an increase in summer river-borne loads of silica occurred. Since 1990, The Netherlands has carried out a routine monitoring program in the North Sea, including analysis of phytoplankton composition and carbon biomass. An analysis of these data for the period 1990-2007 shows a trend in phytoplankton composition, toward an increase in diatom biomass, increased bloom frequency and maximum bloom cell numbers of several diatom species, in particular Chaeotoceros socialis, in the coastal waters. These changes coincide with increases in riverine Si loadings and increased Si concentrations in coastal waters as a consequence of changed river loads. ?? 2012 Elsevier B.V.},
  issn = {13851101},
  doi = {10.1016/j.seares.2012.06.009},
  url = {https://doi.org/10.1016/j.seares.2012.06.009},
  file = {:C\:/Users/stolte/AppData/Local/Mendeley Ltd./Mendeley Desktop/Downloaded/Prins, Desmit, Baretta-Bekker - 2012 - Phytoplankton composition in Dutch coastal waters responds to changes in riverine nutrient loads.pdf:PDF},
}

@TechReport{Deltares2019,
  author = {{Deltares}},
  title = {{Eerstelijnsrapportage Westerschelde 2018}},
  year = {2019},
  institution = {Deltares},
  address = {Delft},
  keywords = {Ecotopenstelsel,Westerschelde,ecotopenstelsel},
  abstract = {Rapportage beschikbare hydrodynamische, fysisch-chemische en biologische data van 1996 t/m 2010 voor de Westerschelde en de monding. De rapportage is opgesteld in het kader van de Ontwikkelingschets 2010 en vormt een van de bouwstenen voor de vergunningverlening van de 3de verdieping van het Schelde-estuarium.},
  url = {http://publications.deltares.nl/1209394_183.pdf},
  file = {:C\:/Users/stolte/AppData/Local/Mendeley Ltd./Mendeley Desktop/Downloaded/Deltares - 2019 - Eerstelijnsrapportage Westerschelde 2018.pdf:PDF},
}

@Article{Los2008,
  author = {F J Los and M T Villars and M W M {Van der Tol}},
  title = {{A 3-dimensional primary production model (BLOOM/GEM) and its applications to the (southern) North Sea (coupled physical-chemical-ecological model)}},
  journal = {Journal of Marine Systems},
  year = {2008},
  month = {nov},
  publisher = {Elsevier B.V.},
  volume = {74},
  number = {1-2},
  pages = {259--294},
  keywords = {Eastern Scheldt,Ecological modeling,Model validation,North Sea,Oosterschelde,Primary production,Waddenzee,Westerschelde,primary production,waddenzee,zeespiegel},
  abstract = {This paper presents the ecological modelling instrument BLOOM/GEM and several applications to the southern North Sea, including a 3-dimensional model validation. The current instrument and its predecessors have been used since the 1980s for evaluating the ecological status of the North Sea and potential effect of management strategies. The main modelled processes of nutrient cycling, oxygen dynamics and primary production are described, as well as the external forcings required for the ecological model (hydrodynamics, suspended sediments and river loads). In the development of the BLOOM/GEM modelling instrument, the explicit choice of processes to include (the 'ecological' resolution) has been balanced with the need for high spatial resolution in the model applications for the Dutch coastal zone. The calibration and validation of the BLOOM/GEM modelling instrument as well as the model applications have mainly drawn on the extensive dataset available for the Dutch coastal waters (http://www.waterbase.nl). A specific 3-dimensional model application to the North Sea is described including the model validation results based on the use of an objective cost function for a number of different substances. Plotted model results showing seasonal as well as regional variations and spatial gradients for many substances at several stations give additional support to the validation. As such, the model is well suited to support many management decisions, related to e.g. the OSPAR convention and the European Water Framework Directive and the construction of infrastructural works. {\textcopyright} 2008 Elsevier B.V. All rights reserved.},
  issn = {09247963},
  doi = {10.1016/j.jmarsys.2008.01.002},
  url = {http://linkinghub.elsevier.com/retrieve/pii/S0924796308000274},
  url = {http://linkinghub.elsevier.com/retrieve/pii/S0924796308000274},
  file = {:C\:/Users/stolte/AppData/Local/Mendeley Ltd./Mendeley Desktop/Downloaded/Los, Villars, Van der Tol - 2008 - A 3-dimensional primary production model (BLOOMGEM) and its applications to the (southern) North Sea.pdf:PDF},
}

@Article{Provoost2010,
  author = {P Provoost and S {Van Heuven} and K Soetaert and R W P M Laane and J J Middelburg},
  title = {{Seasonal and long-term changes in pH in the Dutch coastal zone}},
  journal = {Biogeosciences},
  year = {2010},
  month = {nov},
  volume = {7},
  number = {11},
  pages = {3869--3878},
  keywords = {Eastern Scheldt,Oosterschelde,Waddenzee,Westerschelde,primary production,waddenzee,zeespiegel},
  abstract = {Recent observations and modelling studies suggest that biogeochemical changes can mask atmospheric CO2-induced pH decreases. Data collected by the Dutch monitoring authorities in different coastal systems (North Sea, Wadden Sea, Ems-Dollard, Eastern Scheldt and Scheldt estuary) since 1975 provide an excellent opportunity to test whether this is the case in the Dutch coastal zone. The time-series were analysed using Multi-Resolution Analysis (MRA) which resulted in the identification of system-dependent patterns on both seasonal and intra-annual time scales. The observed rates of pH change greatly exceed those expected from enhanced CO2 uptake, thus suggesting that other biogeochemical processes, possibly related to changes in nutrient loading, can play a dominant role in ocean acidification. {\textcopyright} Author(s) 2010.},
  issn = {17264170},
  doi = {10.5194/bg-7-3869-2010},
  url = {http://www.biogeosciences.net/7/3869/2010/},
  url = {http://www.biogeosciences.net/7/3869/2010/},
  file = {:C\:/Users/stolte/AppData/Local/Mendeley Ltd./Mendeley Desktop/Downloaded/Provoost et al. - 2010 - Seasonal and long-term changes in pH in the Dutch coastal zone.pdf:PDF},
}

@TechReport{Brongers2011,
  author = {I Brongers},
  title = {{Bepaling Fysisch Chemische veldparameters, werkdocument, versie 1 december 2011, RWSV 913.00.W015.}},
  year = {2011},
  institution = {Rijkswaterstaat},
  keywords = {Westerschelde},
}

@Article{Kromkamp1995b,
  author = {J Kromkamp and J Peene},
  title = {{Possibility of net phytoplankton primary production in the turbid Schelde Estuary (SW Netherlands)}},
  journal = {Marine Ecology Progress Series},
  year = {1995},
  volume = {121},
  number = {1-3},
  pages = {249--260},
  keywords = {Eastern Scheldt,Grevelingen,Oosterschelde,Waddenzee,Westerschelde,euphotic,light climate,net primary production,phytoplankton estuary,primary production,respiration,waddenzee,zeespiegel},
  issn = {01718630},
  doi = {10.3354/meps121249},
  url = {https://doi.org/10.3354/meps121249},
  file = {:C\:/Users/stolte/AppData/Local/Mendeley Ltd./Mendeley Desktop/Downloaded/Kromkamp, Peene - 1995 - Possibility of net phytoplankton primary production in the turbid Schelde Estuary (SW Netherlands).pdf:PDF},
}

@Article{BreugemHolt2006,
  author = {W A Breugem and L H Holthuijsen},
  title = {{Generalised wave growth from Lake George}},
  journal = {Journal of Waterway, Port, Coastal and Ocean Engineering},
  year = {2006},
  keywords = {Westerschelde},
}

@TechReport{Groenewold2002,
  author = {S Groenewold and N M J A Dankers},
  title = {Alterra-rapport;519: de ecologische rol van slib}},
  year = {2002},
  institution = {Alterra-rapport 519},
  keywords = {Eastern Scheldt,Ecotopenstelsel,Oosterschelde,Waddenzee,Westerschelde,bodem,bodemfauna,delta's,deltas,ecosystemen,ecosystems,ecotopenstelsel,sediment,slib,sludges,soil,soil fauna,waddenzee,water bottoms,waterbodems},
  abstract = {Slib is een belangrijke parameter in het ecosysteem van kust en zee. Door menselijke activiteiten zoals kustbescherming, ingrepen in rivieren, aanleg van eilanden en havens, openhouden van geulen, zandwinning etc. wordt de slibhuishouding be{\"{i}}nvloed. Dit kan positieve en negatieve effecten op het bestaande ecosysteem hebben. Het is onduidelijk wanneer van negatieve of positieve effecten gesproken kan worden. Ook is onduidelijk in hoeverre slib bepalend is voor het voorkomen van organismen, of dat factoren zoals golfwerking en stroming zowel het voorkomen van organismen en sedimentkarakteristieken zoals slibgehalte bepalen. Daarom werd een studie uitgevoerd waarin op basis van literatuur en ervaringen van specialisten uitgezocht werd wat de ecologische rol van slib is},
  isbn = {Alterra-rapport 519.74},
  url = {http://content.alterra.wur.nl/Internet////Modules/pub/PDFFiles/Alterrarapporten/AlterraRapport519.pdf},
  file = {:C\:/Users/stolte/AppData/Local/Mendeley Ltd./Mendeley Desktop/Downloaded/Groenewold, Dankers - 2002 - Ecoslib de ecologische rol van slib.pdf:PDF},
}

@TechReport{Waterbeheer2010,
  author = {{Rijkswaterstaat}},
  title = {Water},
  year = {2008},
  institution = {RWS},
  keywords = {Eastern Scheldt,Ecotopenstelsel,Oosterschelde,Waddenzee,Westerschelde,ecotopenstelsel,veersemeer,waddenzee},
  file = {:C\:/Users/stolte/AppData/Local/Mendeley Ltd./Mendeley Desktop/Downloaded/Rijkswaterstaat - 2008 - Programma Noordzeekustzone, Waddenzee en Eems-Dollard Waterbeheer 21e eeuw, Kaderrichtlijn Water en Natura 2000.pdf:PDF},
}

@TechReport{Zee2017,
  author = {{Houtekamer & Van Kleef}},
  title = {{Monitoring , onderzoek en kennis van water en natuur in Zeeland. Analyse en een plan van aanpak voor een regiegroep.}},
  year = {2017},
  institution = {Houitekamer & Van Kleef},
  keywords = {Eastern Scheldt,Ecotopenstelsel,Oosterschelde,Waddenzee,Westerschelde,ecotopenstelsel,veersemeer,waddenzee},
  file = {:C\:/Users/stolte/AppData/Local/Mendeley Ltd./Mendeley Desktop/Downloaded/Houtekamer & Van Kleef - 2017 - Monitoring , onderzoek en kennis van water en natuur in Zeeland. Analyse en een plan van aanpak voor een.pdf:PDF},
}

@Article{Weerman2011,
  author = {Ellen J Weerman and Peter M.J. Herman and Johan {Van De Koppel}},
  title = {{Macrobenthos abundance and distribution on a spatially patterned intertidal flat}},
  journal = {Marine Ecology Progress Series},
  year = {2011},
  month = {oct},
  volume = {440},
  pages = {95--103},
  keywords = {Corophium volutator,Hydrobia ulvae,Intertidal flats,Landscape morphology,Microphytobenthos,Waddenzee,Westerschelde,primary production,waddenzee},
  abstract = {Natural ecosystems can show regular spatial vegetation patterns, which develop from small-scale ecological interactions. Some studies suggest that grazers can play a major role in controlling vegetation distribution in ecosystems with regular vegetation patterns, but the distribution of grazers and the effects of grazing on vegetation in spatially patterned ecosystems remains poorly understood. Here, we study how macrofaunal grazers are distributed on a spatially patterned intertidal flat and how they interact with benthic microalgae. The study was carried out on an intertidal flat where each year a regular spatial pattern of diatom-covered hummocks and water-filled hollows develops. In 2 consecutive years, benthic algal biomass was 5-fold lower in the hollows compared with the hummocks, whereas benthic macrofauna was equally abundant on both hummocks and hollows. In the laboratory we evaluated the interactive effect of landscape morphology (hummocks and hollows) and food abundance. Experiments with 2 abundant grazers, Corophium volutator and Hydrobia ulvae showed that food availability was the main driver for the spatial distribution of benthic herbivores rather than landscape morphology. Laboratory experiments, where we analyzed the grazing effects of H. ulvae and C. volutator on benthic algal biomass, revealed that both species increased biomass-specific primary production. This could indicate that benthic grazers can stimulate algal growth, which may explain the high grazer abundances in nearly bare hollows. Increased production of benthic algae may be a key factor uncoupling herbivore density from benthic algal biomass on a spatially patterned intertidal flat. {\textcopyright} 2011 Inter-Research.},
  issn = {01718630},
  doi = {10.3354/meps09332},
  url = {https://doi.org/10.3354/meps09332},
  file = {:C\:/Users/stolte/AppData/Local/Mendeley Ltd./Mendeley Desktop/Downloaded/Weerman, Herman, Van De Koppel - 2011 - Macrobenthos abundance and distribution on a spatially patterned intertidal flat.pdf:PDF},
}

@TechReport{Kesteloo2006,
  author = {J W M Wijsman and J J Kesteloo and J E Craeymeersch},
  title = {{Ecologie, visserij en monitoring van mesheften in de Voordelta}},
  year = {2006},
  institution = {RIVO},
  address = {IJmuiden},
  number = {C0009/06},
  keywords = {Eastern Scheldt,Grevelingen,Oosterschelde,Waddenzee,Westerschelde,waddenzee},
  abstract = {De Amerikaanse zwaardschede (Ensis directus) is een exoot in de Nederlandse\nwateren. De\n\nsoort is in 1979 voor het eerst in Europa aangetroffen en heeft zich\nsindsdien sterk ontwikkeld.\n\nThans is de Amerikaanse zwaardschede verreweg de belangrijkste mesheft\nsoort in Nederland\n\nen vanwege de hoge biomassa is de soort een belangrijk onderdeel van\nhet mariene\n\necosysteem geworden. Dit ecoprofiel van mesheften is opgesteld om\nmeer inzicht te krijgen in\n\nde ecologie van mesheften en hun rol in het ecosysteem.\n\nMesheften zijn langgerekte schelpdieren die vertikaal ingegraven zitten\nin de zeebodem. Ze\n\nkomen zowel voor in het sublitoraal (tot 15 a 30 meter) als in de\nlage delen van het litoraal. Bij\n\nonraad kunnen ze zich met behulp van hun sterke voet snel dieper (tot\nmeer dan 30 cm) het\n\nsediment inwerken. Ook kunnen ze het sediment ontvluchten en zwemmen\nnaar geschiktere\n\nlocaties. Mesheften hebben gescheiden geslachten, en door het relatief\nlange larvale stadium\n\n(2  4 weken) kunnen ze zich met de waterbeweging over grote afstanden\nverplaatsen.\n\nDe bestanden van mesheften in de Voordelta waren de laatste jaren\n(2002 tot en met 2005)\n\naanzienlijk hoger dan de voorgaande jaren. In het gebied in de Voordelta\ndat in 2004 intensief is\n\nbemonsterd in het kader van met Monitoring- en Evaluatieprogramma\nMaasvlakte 2 is het totale\n\nbestand geschat op 71 miljard individuen met een totale biomassa van\n493 miljoen kg\n\nversgewicht (oppervlakte onderzoeksgebied is 68 duizend ha).\n\nDe veelal hoge biomassas die er de laatste jaren worden gevonden\nin de Voordelta vormt een\n\npotentile voedselbron voor predatoren als vissen en vogels. Ondanks\nde grote scherpe\n\nschelpen kunnen vogels als eidereenden en zwarte zee-eenden mesheften\neten. Omdat het niet\n\neenvoudig is de mesheften die zich met hun voet kunnen verankeren\nuit de zeebodem te halen\n\nis het mogelijk dat ze voornamelijk schelpen eten die uit het sediment\nzijn geraakt. Ook\n\nscholeksters en meeuwen doen zich vaak te goed aan mesheften die vaak\nmassaal op de\n\nstranden zijn aangespoeld.\n\nHet mesheften bestand in de Nederlandse kustwateren wordt op dit moment\ndoor 4 vissers\n\nbevist. Drie vissers zijn actief in de Voordelta en een visser vist\nin de Kustzone boven de\n\nWaddeneilanden. De effecten van de ensisvisserij op het bestand en\noverige bodembewoners\n\nzijn relatief beperkt door de gebruikte technieken en de geringe inspanning.},
  file = {:C\:/Users/stolte/AppData/Local/Mendeley Ltd./Mendeley Desktop/Downloaded/Wijsman, Kesteloo, Craeymeersch - 2006 - Ecologie, visserij en monitoring van mesheften in de Voordelta.pdf:PDF},
}

@TechReport{Lievaart2003,
  author = {M A Lievaart},
  title = {{MOVE microfytobenthos, effecten van de verruiming van de Westerschelde op de biomassa en primarie productie van het microbytobenthos 1989-2001.}},
  year = {2003},
  institution = {RIKZ},
  keywords = {Westerschelde},
}

@Book{Hoek1995,
  author = {C Hoek and D G {van den Mann} and H M Jahns},
  title = {{Algae. An introduction to phycology}},
  year = {1995},
  publisher = {Cambridge University Press},
  keywords = {Westerschelde},
}

@TechReport{DeRonde2013,
  author = {J G {De Ronde} and J P M Mulder and L A {Van Duren} and T J W Ysebaert},
  title = {Deltares},
  year = {2013},
  institution = {Deltares},
  address = {Delft},
  keywords = {Oosterschelde,Waddenzee,Westerschelde,primary production,waddenzee,zeespiegelmonitor},
  isbn = {1207722-000-ZKS-0010},
  file = {:C\:/Users/stolte/AppData/Local/Mendeley Ltd./Mendeley Desktop/Downloaded/De Ronde et al. - 2013 - Eindadvies ANT Oosterschelde.pdf:PDF},
}

@Article{DeJonge2014,
  author = {Victor N {de Jonge} and Henk M Schuttelaars and Justus E.E. E {van Beusekom} and Stefan a Talke and Huib E {de Swart}},
  title = {{The influence of channel deepening on estuarine turbidity levels anddynamics, as exemplified by the Ems estuary}},
  journal = {Estuarine, Coastal and Shelf Science},
  year = {2014},
  month = {feb},
  publisher = {Elsevier Ltd},
  volume = {139},
  pages = {46--59},
  keywords = {Dredging,Model,Suspended matter,Tidal dynamics,Turbidity maximum,Waddenzee,Westerschelde,primary production,waddenzee,zeespiegel},
  abstract = {Active deepening of tidal channels usually results in the alteration of the vertical and the horizontal tide. This may lead to concurrent significant increases in mean suspended matter concentrations (SPM) in coastal plain estuaries, the turbidity maximum (ETM) included. This is exemplified by an extensive analysis of the Ems estuary, a prototypical heavily stressed estuary in the Dutch-German border area. Measurements show that the SPM concentrations in the lower reaches of the estuary have increased an average of 2- to 3-fold between 1954 and 2005, with a 10-fold increase observed in the upper estuary (tidal river). Longitudinal profiles of surface SPM demonstrate that the ETM has moved upstream by up to 25km and has broadened into a zone 30km in length which extends into the freshwater tidal river. On an annual scale, variations in freshwater discharge significantly influence the formation and breakdown of the ETM: during low river discharge the ETM approaches equilibrium over 2-3 months, whilst elevated river discharges relocate the ETM downstream over several weeks.An exploratory, semi-analytical model is calibrated to simulate the equilibrium SPM distribution in the upper estuary during five time periods from 1965 to 2005, using archival bathymetric and tidal data. Results suggest that the deepening of tidal channels and a reduction in hydraulic drag have most likely resulted in a landward shift of the SPM trapping location. The measured increase in SPM concentrations and the development of fluid mud around the 1990s likely contributed to reduced mixing and bottom drag, creating a feedback loop that further altered tidal and SPM dynamics. It is argued that the removal of some non-erodible (consolidated) layers in the lower reaches of the estuary has created new internal sediment sources that may be responsible for feeding the observed high SPM concentrations, rather than increased sediment input from the boundaries. All findings are based on and supported by measured short-term seasonal fluctuations, as well as long-term developments of yearly averaged concentrations in the longitudinal SPM distribution. ?? 2014 Elsevier Ltd.},
  issn = {02727714},
  doi = {10.1016/j.ecss.2013.12.030},
  url = {http://linkinghub.elsevier.com/retrieve/pii/S0272771413005544},
  url = {http://linkinghub.elsevier.com/retrieve/pii/S0272771413005544},
  file = {:C\:/Users/stolte/AppData/Local/Mendeley Ltd./Mendeley Desktop/Downloaded/de Jonge et al. - 2014 - The influence of channel deepening on estuarine turbidity levels and dynamics, as exemplified by the Ems estuar.pdf:pdf;:C\:/Users/stolte/AppData/Local/Mendeley Ltd./Mendeley Desktop/Downloaded/de Jonge et al. - 2014 - The influence of channel deepening on estuarine turbidity levels and dynamics, as exemplified by the Ems est(2).pdf:PDF},
  archiveprefix = {arXiv},
  eprint = {arXiv:1210.2166v1},
  url = {http://linkinghub.elsevier.com/retrieve/pii/S0272771413005544},
}

@Article{ELR2010,
  author = {{Deltares}},
  title = {{Eerstelijnsrapportage Westerschelde 2010}},
  journal = {Kenmerk: 1205529-000-ZKS-0006},
  year = {2011},
  keywords = {Westerschelde},
}

@TechReport{Loenen2011,
  author = {Dr .Ir. B {van Loenen} and Ir. F.M. Welle Donker and mr. S Kulk and Dr. Ir. D.A. Groetelaers and Prof.mr. J {de Jong} and Prof. mr. H.D. Ploeger},
  title = {{Databeleid Rijkswaterstaat Deel : Hoofdwatersysteem. Een overzicht van de juridische kaders omtrent het omgaan met data.}},
  year = {2011},
  institution = {TU Delft},
  address = {Delft},
  number = {november},
  keywords = {Westerschelde},
  file = {:C\:/Users/stolte/AppData/Local/Mendeley Ltd./Mendeley Desktop/Downloaded/Loenen et al. - 2011 - Databeleid Rijkswaterstaat Deel Hoofdwatersysteem. Een overzicht van de juridische kaders omtrent het omgaan met.pdf:PDF},
}

@Article{Schneider2021b,
  author = {Lisa K Schneider and Nathalie Gypens and Tineke A Troost and Willem Stolte},
  title = {{Modeling mixoplankton along the biogeochemical gradient of the Southern North Sea}},
  journal = {Ecological Modelling},
  year = {2021},
  publisher = {Elsevier B.V.},
  volume = {459},
  number = {December 2020},
  keywords = {Aquatic ecosystem model,Biogeochemical gradient,Delft3D-WAQ,Mixoplankton,North sea,Trophic modes,Waddenzee,Westerschelde,primary production,waddenzee},
  abstract = {The ecological importance of mixoplankton within marine protist communities is slowly being recognized. However, most aquatic ecosystem models do not include formulations to model a complete protist community consisting of phytoplankton, protozooplankton and mixoplankton. We introduce PROTIST, a new module for the aquatic ecosystem modelling software Delft3D-WAQ that can model a protist community consisting of two types of phytoplankton (diatoms and green algae), two types of mixoplankton (constitutive mixoplankton and non-constitutive mixoplankton) and protozooplankton. We employed PROTIST to further explore the hypothesis that the biogeochemical gradient of inorganic nutrient and suspended sediment concentrations drives the observed occurrence of constitutive mixoplankton in the Dutch Southern North Sea. To explore this hypothesis, we used 11 1D-vertical aquatic ecosystem models that mimic the abiotic conditions of 11 routine monitoring locations in the Dutch Southern North Sea. Our models result in plausible trophic compositions across the biogeochemical gradient as compared to in-situ data. A sensitivity analysis showed that the dissolved inorganic phosphate and silica concentrations drive the occurrence of constitutive mixoplankton in the Dutch Southern North Sea.},
  issn = {03043800},
  doi = {10.1016/j.ecolmodel.2021.109690},
  url = {https://doi.org/10.1016/j.ecolmodel.2021.109690},
  file = {:C\:/Users/stolte/AppData/Local/Mendeley Ltd./Mendeley Desktop/Downloaded/Schneider et al. - 2021 - Modeling mixoplankton along the biogeochemical gradient of the Southern North Sea.pdf:PDF},
}

@Article{Cloern1999,
  author = {James E Cloern},
  title = {{The relative importance of light and nutrient limitation of phytoplankton growth: A simple index of coastal ecosystem sensitivity to nutrient enrichment}},
  journal = {Aquatic Ecology},
  year = {1999},
  volume = {33},
  number = {1},
  pages = {3--15},
  keywords = {Eastern Scheldt,Estuaries,Eutrophication,Oosterschelde,Resource management,Waddenzee,Westerschelde,primary production,waddenzee,zeespiegel},
  abstract = {Anthropogenic nutrient enrichment of the coastal zone is now a well-established fact. However, there is still uncertainty about the mechanisms through which nutrient enrichment can disrupt biological communities and ecosystem processes in the coastal zone. For example, while some estuaries exhibit classic symptoms of acute eutrophication, including enhanced production of algal biomass, other nutrient-rich estuaries maintain low algal biomass and primary production. This implies that large differences exist among coastal ecosystems in the rates and patterns of nutrient assimilation and cycling. Part of this variability comes from differences among ecosystems in the other resource that can limit algal growth and production - the light energy required for photosynthesis. Complete understanding of the eutrophication process requires consideration of the interacting effects of light and nutrients, including the role of light availability as a regulator of the expression of eutrophication. A simple index of the relative strength of light and nutrient limitation of algal growth can be derived from models that describe growth rate as a function of these resources. This index can then be used as one diagnostic to classify the sensitivity of coastal ecosystems to the harmful effects of eutrophication. Here I illustrate the application of this diagnostic with light and nutrient measurements made in three California estuaries and two Dutch estuaries.},
  issn = {13862588},
  doi = {10.1023/A:1009952125558},
  url = {https://doi.org/10.1023/A:1009952125558},
  file = {:C\:/Users/stolte/AppData/Local/Mendeley Ltd./Mendeley Desktop/Downloaded/Cloern - 1999 - The relative importance of light and nutrient limitation of phytoplankton growth A simple index of coastal ecosystem sen.pdf:PDF},
}

@TechReport{Prins2015,
  author = {T C Prins},
  title = {{Bekkenrapport Veerse Meer 2000-2014 ten behoeve van de evaluatie peilbesluit.}},
  year = {2015},
  institution = {Deltares; NIOZ; Stichting Zeeschelp},
  address = {Delft},
  keywords = {Waddenzee,Westerschelde,veersemeer,waddenzee},
  url = {https://puc.overheid.nl/rijkswaterstaat/doc/PUC_160621_31/},
  file = {:C\:/Users/stolte/AppData/Local/Mendeley Ltd./Mendeley Desktop/Downloaded/Prins - 2015 - Bekkenrapport Veerse Meer 2000-2014 ten behoeve van de evaluatie peilbesluit.pdf:PDF},
}

@TechReport{Tac1986,
  author = {M L M Tackx and J W Francke and C Bakker and J Weststrate and Pieter {van Rijswijk} and M Vink},
  title = {{dienst geMjdewaterwi bibliotheek grenb{\'{o}}leravieg 31 - 4338 PG middelburg}},
  year = {1986},
  institution = {Delta Insitituut voor Hydrobiologisch Onderzoek},
  address = {Yerseke},
  keywords = {Eastern Scheldt,Oosterschelde,Westerschelde,primary production},
  file = {:C\:/Users/stolte/AppData/Local/Mendeley Ltd./Mendeley Desktop/Downloaded/Tackx et al. - 1986 - dienst geMjdewaterwi bibliotheek grenb{\'{o}}leravieg 31 - 4338 PG middelburg.pdf:PDF},
}

@TechReport{Chatelain2016,
  author = {M Chatelain and L A {Van Duren}},
  title = {{Primary production modelling in the Scheldt estuary}},
  year = {2016},
  institution = {Deltares},
  address = {Delft},
  keywords = {Westerschelde},
  url = {https://kennisbank.deltares.nl/repos/1220094_000a.pdf},
  file = {:C\:/Users/stolte/AppData/Local/Mendeley Ltd./Mendeley Desktop/Downloaded/Chatelain, Van Duren - 2016 - Primary production modelling in the Scheldt estuary.pdf:PDF},
}

@TechReport{Apeldoorn,
  author = {R C Van Apeldoorn and A J Griffioen and C M Niemeijer and C J Smit and M Van Der Veen},
  title = {{Advies Kennissysteem Dosis-Effect Relaties}},
  year = {2008},
  institution = {Alterra},
  address = {Wageningen},
  keywords = {Eastern Scheldt,Oosterschelde,Westerschelde},
  file = {:C\:/Users/stolte/AppData/Local/Mendeley Ltd./Mendeley Desktop/Downloaded/Apeldoorn et al. - 2008 - Advies Kennissysteem Dosis-Effect Relaties.pdf:PDF},
}

@TechReport{Output2015,
  author = {Karline Soetaert},
  title = {{Package  OceanView '}},
  year = {2015},
  institution = {CRAN},
  keywords = {Waddenzee,Westerschelde,primary production,waddenzee},
  file = {:C\:/Users/stolte/AppData/Local/Mendeley Ltd./Mendeley Desktop/Downloaded/Soetaert - 2015 - Package  OceanView '.pdf:PDF},
}

@TechReport{Vroom2012,
  author = {J Vroom and H {van den Boogaard} and Bas {Van Maren}},
  title = {{Mud dynamics in the Ems- Dollard, research phase 2 - Analysis existing data}},
  year = {2012},
  institution = {Deltares},
  address = {Delft},
  keywords = {Waddenzee,Westerschelde,primary production,waddenzee,zeespiegel},
  file = {:C\:/Users/stolte/AppData/Local/Mendeley Ltd./Mendeley Desktop/Downloaded/Vroom, van den Boogaard, Van Maren - 2012 - Mud dynamics in the Ems- Dollard, research phase 2 - Analysis existing data.pdf:PDF},
}

@InCollection{Zuur2009a,
  author = {A F Zuur and M J Latuhihin and E N Ieno and J G Baretta-Bekker and G M Smith and N J Walker},
  title = {{Additive Mixed Modelling Applied on Phytoplankton Time Series Data}},
  booktitle = {Mixed effects models and extensions in ecology with R},
  year = {2009},
  publisher = {Springer New York},
  address = {New York, NY},
  pages = {423--446},
  keywords = {Westerschelde},
  abstract = {This chapter looks at a data set where our first reaction was: `How in heavens name are we going to analyse these data?' The data consist of a large number of phytoplankton species measured at 31 stations in Dutch estuarine and marine waters. Measurements took place 0--4 times per month from 1990 until present (2005). Environmental data (e.g. temperature, salinity, etc.) were also measured, albeit sometimes at different sampling times! The statistical analysis of these data is complicated for several reasons:1.Environmental variables and phytoplankton variables were not always measured at the same time.2.There may be temporal correlation, there may be spatial correlation, and both correlation structures may be complicated.3.The data contain a large number of species.4.The data are irregularly spaced.5.There may be heterogeneity over time (e.g. more variation in summer than in winter).6.Trends over time and in space may be non-linear.7.The phytoplankton data were counted by different laboratories.},
  isbn = {978-0-387-87458-6},
  doi = {10.1007/978-0-387-87458-6_18},
  url = {https://doi.org/10.1007/978-0-387-87458-6_18},
}

@TechReport{DeBoer2000,
  author = {W F {De Boer}},
  title = {{Ontwikkeling van de biomassa van het microfytobenthos in het Eems-Dollard estuarium in de periode 1992-1999}},
  year = {2000},
  institution = {Koeman en Bijkerk bv},
  address = {Haren},
  keywords = {Eastern Scheldt,Oosterschelde,Waddenzee,Westerschelde,dollard,eems,fytoplanton,primary production,waddenzee},
  file = {:C\:/Users/stolte/AppData/Local/Mendeley Ltd./Mendeley Desktop/Downloaded/De Boer - 2000 - Ontwikkeling van de biomassa van het microfytobenthos in het Eems-Dollard estuarium in de periode 1992-1999.pdf:pdf;:C\:/Users/stolte/AppData/Local/Mendeley Ltd./Mendeley Desktop/Downloaded/De Boer - 2000 - Ontwikkeling van de biomassa van het microfytobenthos in het Eems-Dollard estuarium in de periode 1992-1999(2).pdf:PDF},
}

@TechReport{VanDantzig1960,
  author = {D {Van Dantzig}},
  title = {{Bijdragen II. Beschouwingen over Stormvloeden en Getijbeweging.}},
  year = {1960},
  institution = {Mathematisch Centrum},
  keywords = {Netherlands,Westerschelde,coastal defence,zeespiegel},
  file = {:C\:/Users/stolte/AppData/Local/Mendeley Ltd./Mendeley Desktop/Downloaded/Van Dantzig - 1960 - Bijdragen II. Beschouwingen over Stormvloeden en Getijbeweging.pdf:PDF},
}

@Article{Series2002,
  author = {Monitoring Series},
  title = {{Data Report on the Comprehensive Study of Riverine Inputs and Direct Discharges ( RID ) in 2000 OSPAR Commission}},
  journal = {East},
  year = {2002},
  keywords = {Eastern Scheldt,Oosterschelde,Waddenzee,Westerschelde,waddenzee,zeespiegel},
  file = {:C\:/Users/stolte/AppData/Local/Mendeley Ltd./Mendeley Desktop/Downloaded/Series - 2002 - Data Report on the Comprehensive Study of Riverine Inputs and Direct Discharges ( RID ) in 2000 OSPAR Commission.pdf:PDF},
}

@TechReport{Onselen2021,
  author = {Erik {van Onselen}},
  title = {{Nationale erosieresistente lagen kaart. Achtergrond en instructies.}},
  year = {2021},
  institution = {Deltares},
  address = {Delft},
  keywords = {Waddenzee,Westerschelde,waddenzee,zeespiegelmonitor},
  isbn = {1120679400},
  url = {https://publicwiki.deltares.nl/download/attachments/131138879/11206794-003-ZKS-0005 - Nationale erosieresistente lagen kaart.pdf?version=1&modificationDate=1640187446048&api=v2},
  file = {:C\:/Users/stolte/AppData/Local/Mendeley Ltd./Mendeley Desktop/Downloaded/Onselen - 2021 - Nationale erosieresistente lagen kaart. Achtergrond en instructies.pdf:PDF},
}

@Article{Lionard2005,
  author = {Marie Lionard and Koenraad Muylaert and Dirk {Van Gansbeke} and Wim Vyverman},
  title = {{Influence of changes in salinity and light intensity on growth of phytoplankton communities from the Schelde river and estuary (Belgium/The Netherlands)}},
  journal = {Hydrobiologia},
  year = {2005},
  month = {may},
  volume = {540},
  number = {1-3},
  pages = {105--115},
  keywords = {Estuary,HPLC,Irradiance,Phytoplankton,Pigments,River,Salinity,Westerschelde,primary production},
  abstract = {In the Schelde continuum, a succession in the phytoplankton community is observed along the transition from the river to the freshwater tidal reaches of the estuary and from the freshwater to brackish reaches of the estuary. The goal of this study was to experimentally evaluate the contribution of changes in salinity and light climate to this succession. In summer 2000 and in spring 2001, phytoplankton communities from the river, the freshwater tidal reaches and the brackish reaches of the estuary were incubated under high or low light intensities and exposed to a change in salinity. HPLC analysis was used to evaluate the response of different algal groups to changes in light intensity and salinity. When incubated at a light intensity corresponding to the mean underwater light intensity of the freshwater tidal reaches, growth of phytoplankton from the river as well as from freshwater tidal reaches was significantly lower than when incubated at a light intensity corresponding to the mean underwater light intensity of the river. The phytoplankton community from the freshwater tidal reaches did not appear to be better adapted to low light intensities than the phytoplankton community from the river. Although diatoms were expected to be less sensitive to a reduction in light intensity than green algae, the opposite response was observed. Freshwater and brackish water phytoplankton were negatively affected by respectively an increase or decrease in salinity. However, the effect of salinity was not strong enough to explain the disappearance of freshwater and brackish water phytoplankton between a salinity of 0.5 and 10 psu, suggesting that other factors also play a role. In the freshwater phytoplankton communities from the river and the freshwater tidal reaches, green algae and diatoms responded in a similar way to an increase in salinity. In the brackish water phytoplankton community, fucoxanthin displayed a different response to salinity than lutein and chlorophyll a. {\textcopyright} Springer 2005.},
  issn = {00188158},
  doi = {10.1007/s10750-004-7123-x},
  url = {https://doi.org/10.1007/s10750-004-7123-x},
  file = {:C\:/Users/stolte/AppData/Local/Mendeley Ltd./Mendeley Desktop/Downloaded/Lionard et al. - 2005 - Influence of changes in salinity and light intensity on growth of phytoplankton communities from the Schelde riv.pdf:PDF},
}

@TechReport{Rijkswaterstaat1987,
  author = {{Rijkswaterstaat}},
  title = {{Directeuren Overleg Ecologie Noordzee ,}},
  year = {1987},
  institution = {Dienst getijdewateren},
  address = {Den Haag},
  keywords = {Eastern Scheldt,Oosterschelde,Waddenzee,Westerschelde,veersemeer,waddenzee},
  abstract = {directeuren overleg ecologie noordzee ,},
  file = {:C\:/Users/stolte/AppData/Local/Mendeley Ltd./Mendeley Desktop/Downloaded/Rijkswaterstaat - 1987 - Directeuren Overleg Ecologie Noordzee ,.pdf:PDF},
}

@Article{Spaendonk1993a,
  author = {J C M {van Spaendonk} and J C Kromkamp and P R M {de Visscher}},
  title = {{Primary production of phytoplankton in a turbid coastal plain estuary, the Westerschelde (The Netherlands)}},
  journal = {Netherlands Journal of Sea Research},
  year = {1993},
  volume = {31},
  number = {3},
  pages = {267--279},
  keywords = {Eastern Scheldt,Oosterschelde,Westerschelde,primary production,zeespiegel},
  abstract = {An extensive survey was carried out in the Westerschelde estuary in 1989 to estimate phytoplankton primary productivity. High nutrient concentrations year round and very high turbidity resulted in light-limited growth of phytoplankton. This was reflected in a conservative behaviour of silicate and phosphate. The same was true for total inorganic nitrogen. However, in the inner part of the estuary nitrification took place. The calculated annual primary production was 200 - 300 gC{\textperiodcentered}m-2 at the range 29-20 salinity, 100-150 gC{\textperiodcentered}m-2 at 18-10 salinity and increased sharply to 900 gC{\textperiodcentered}m-2 at 2.5 salinity due to freshwater populations. In the inner part of the estuary the vertical mixing zone was frequently larger than 5 times the euphotic zone. The high rates of primary production we measured contrast with generally expected values. This corroborates Grobbelaar's hypothesis that the critical depth can be seriously underestimated. Phytoplankton copes with the turbid conditions by adjusting light-utilization efficiencies. {\textcopyright} 1993.},
  issn = {00777579},
  doi = {10.1016/0077-7579(93)90027-P},
  url = {http://www.sciencedirect.com/science/article/pii/007775799390027P},
  url = {http://www.sciencedirect.com/science/article/pii/007775799390027P},
  file = {:C\:/Users/stolte/AppData/Local/Mendeley Ltd./Mendeley Desktop/Downloaded/van Spaendonk, Kromkamp, de Visscher - 1993 - Primary production of phytoplankton in a turbid coastal plain estuary, the Westerschelde (.pdf:PDF},
}

@Article{ELR2014,
  author = {{Deltares}},
  title = {{Eerstelijnsrapportage Westerschelde 2014}},
  journal = {Kenmerk: 1209394-000-ZKS-0016},
  year = {2015},
  keywords = {Westerschelde},
}

@Article{Provoost2010a,
  author = {P Provoost and S {van Heuven} and K Soetaert and R Laane and J J Middelburg},
  title = {{Long-term record of pH in the Dutch coastal zone: a major role for eutrophication-induced changes}},
  journal = {Biogeosciences Discussions},
  year = {2010},
  month = {jun},
  volume = {7},
  number = {3},
  pages = {4127--4152},
  keywords = {Biology (General),DOAJ:Biology,DOAJ:Biology and Life Sciences,DOAJ:Earth Sciences,DOAJ:Earth and Environmental Sciences,Eastern Scheldt,Geology,Oosterschelde,Q,QE1-996.5,QH301-705.5,Science,Waddenzee,Westerschelde,primary production,waddenzee,zeespiegel},
  abstract = {Discussion Paper | Discussion Paper | Discussion Paper | Discussion Paper | Biogeosciences Discuss., 7, 41274152, 2010 www.biogeosciences-discuss.net/7/4127/2010/ doi:10.5194/bgd-7-4127-2010 {\textcopyright} Author(s) 2010. CC Attribution 3.0 License. Biogeosciences Discussions This discussion paper is/has been under review for the journal Biogeosciences (BG). Please refer to the corresponding final paper in BG if available. Long-term record of pH in the Dutch coastal zone: a major role for eutrophication-induced changes P. Provoost1, S. van Heuven2, K. Soetaert1, R. Laane3, and J. J. Middelburg4 1Netherlands Institute for Ecology (NIOO-KNAW), Centre for Estuarine and Marine Ecology, P.O. Box 140, 4400 AC Yerseke, The Netherlands 2Groningen University, Department of Ocean Ecosystems, P.O. Box 14, 9750 AA Haren, The Netherlands 3Deltares, P.O. Box 177, 2600 MH Delft, The Netherlands 4Faculty of Geosciences, Utrecht University, P.O. Box 80.021, 3508 TA Utrecht, The Netherlands Received: 20 May 2010  Accepted: 20 May 2010  Published: 4 June 2010 Correspondence to: P. Provoost (p.provoost@nioo.knaw.nl) Published by Copernicus Publications on behalf of the European Geosciences Union. 4127 Abstract Recent observations and modelling studies suggest that eutrophication-related biogeo- chemical changes can mask atmospheric CO2-induced pH decreases. Data collected by the Dutch monitoring authorities in different coastal systems (North Sea, Wadden Sea, Ems-Dollard, Eastern Scheldt and Scheldt estuary) since 1975 provide an ex- cellent opportunity to test whether this is the case in the Dutch coastal zone. The time-series were analysed using Multi-Resolution Analysis (MRA) which resulted in the identification of system-dependent patterns on both seasonal and intra-annual time scales. The observed rates of change greatly exceed those expected from enhanced CO2 uptake, thus confirming that eutrophication can play a dominant role in ocean acidification.},
  issn = {1810-6277},
  doi = {10.5194/bgd-7-4127-2010},
  url = {http://www.biogeosciences-discuss.net/7/4127/2010/},
  url = {http://www.biogeosciences-discuss.net/7/4127/2010/},
  file = {:C\:/Users/stolte/AppData/Local/Mendeley Ltd./Mendeley Desktop/Downloaded/Provoost et al. - 2010 - Long-term record of pH in the Dutch coastal zone a major role for eutrophication-induced changes.pdf:PDF},
}

@Article{Schneider2020a,
  author = {Lisa K Schneider and Kevin J Flynn and Peter M.J. Herman and Tineke A Troost and Willem Stolte},
  title = {{Exploring the Trophic Spectrum: Placing Mixoplankton Into Marine Protist Communities of the Southern North Sea}},
  journal = {Frontiers in Marine Science},
  year = {2020},
  volume = {7},
  number = {November},
  pages = {1--16},
  keywords = {North Sea,Waddenzee,Westerschelde,index of ecosystem maturity,marine protist communities,mixoplankton,numerical ecology,routine monitoring,waddenzee,zeespiegel},
  abstract = {While traditional microplankton community assessments focus primarily on phytoplankton and protozooplankton, the last decade has witnessed a growing recognition of photo-phago mixotrophy (performed by mixoplankton) as an important nutritional route among plankton. However, the trophic classification of plankton and subsequent analysis of the trophic composition of plankton communities is often subjected to the historical dichotomy. We circumvented this historical dichotomy by employing a 24 year-long time series on abiotic and protist data to explore the trophic composition of protist communities in the Southern North Sea. In total, we studied three different classifications. Classification A employed our current knowledge by labeling only taxa documented to be mixoplankton as such. In a first trophic proposal (classification B), documented mixoplankton and all phototrophic taxa (except for diatoms, cyanobacteria, and colonial Phaeocystis) were classified as mixoplankton. In a second trophic proposal (classification C), documented mixoplankton as well as motile, phototrophic taxa associated in a principle component analysis with documented mixoplankton were classified as mixoplankton. In all three classifications, mixoplankton occurred most in the inorganic nutrient-depleted, seasonally stratified environments. While classification A was still subjected to the traditional dichotomy and underestimated the amount of mixoplankton, our results indicate that classification B overestimated the amount of mixoplankton. Classification C combined knowledge gained from the other two classifications and resulted in a plausible trophic composition of the protist community. Using results of classification C, our study provides a list of potential unrecognized mixoplankton in the Southern North Sea. Furthermore, our study suggests that low turbidity and the maturity of an ecosystem, quantified using a newly proposed index of ecosystem maturity (ratio of organic to total nitrogen), provide an indication on the relevance of mixoplankton in marine protist communities.},
  issn = {22967745},
  doi = {10.3389/fmars.2020.586915},
  url = {https://doi.org/10.3389/fmars.2020.586915},
  file = {:C\:/Users/stolte/AppData/Local/Mendeley Ltd./Mendeley Desktop/Downloaded/Schneider et al. - 2020 - Exploring the Trophic Spectrum Placing Mixoplankton Into Marine Protist Communities of the Southern North Sea.pdf:PDF},
}

@Book{Holthuijsen2007,
  author = {L H Holthuijsen},
  title = {{Waves in Oceanic and Coastal Waters}},
  year = {2007},
  publisher = {Cambridge University Press},
  keywords = {Westerschelde},
}

@Article{Lucas2003,
  author = {Cathy H Lucas},
  title = {{Observations of resuspended diatoms in the turbid tidal edge}},
  journal = {Journal of Sea Research},
  year = {2003},
  month = {dec},
  volume = {50},
  number = {4},
  pages = {301--308},
  keywords = {Waddenzee,Westerschelde,benthic diatoms,ems-dollard,hplc,resuspension,tidal flats,waddenzee,westerschelde,zeespiegel},
  issn = {13851101},
  doi = {10.1016/j.seares.2003.04.001},
  url = {http://linkinghub.elsevier.com/retrieve/pii/S1385110103000911},
  url = {http://linkinghub.elsevier.com/retrieve/pii/S1385110103000911},
  file = {:C\:/Users/stolte/AppData/Local/Mendeley Ltd./Mendeley Desktop/Downloaded/Lucas - 2003 - Observations of resuspended diatoms in the turbid tidal edge.pdf:PDF},
}

@Article{Aardema2019,
  author = {Hedy M Aardema and MacHteld Rijkeboer and Alain Lefebvre and Arnold Veen and Jacco C Kromkamp},
  title = {{High-resolution underway measurements of phytoplankton photosynthesis and abundance as an innovative addition to water quality monitoring programs}},
  journal = {Ocean Science},
  year = {2019},
  volume = {15},
  number = {5},
  pages = {1267--1285},
  keywords = {Eastern Scheldt,Oosterschelde,Waddenzee,Westerschelde,primary production,waddenzee,zeespiegel},
  abstract = {Marine waters can be highly heterogeneous both on a spatial and temporal scale, yet monitoring programs currently rely primarily on low-resolution methods. This potentially leads to undersampling. This study explores the potential of two high-resolution methods for monitoring phytoplankton dynamics: fast repetition rate fluorometry for information on phytoplankton photosynthesis and productivity and automated scanning flow cytometry for information on phytoplankton abundance and community composition. These methods were tested in combination with an underway Ferrybox system during four cruises on the Dutch North Sea in April, May, June, and August 2017. The high-resolution methods were able to visualize both the spatial and temporal variability of the phytoplankton community in the Dutch North Sea. Spectral cluster analysis was applied to objectively interpret the multitude of parameters and visualize potential spatial patterns. This resulted in the identification of biogeographic regions with distinct phytoplankton communities, which varied per cruise. Our results clearly show that the sampling based on fixed stations does not give a good representation of the spatial patterns, showing the added value of underway high-resolution measurements. To fully exploit the potential of the tested high-resolution measurement setup, methodological constraints need further research. Among these constraints are accounting for the diurnal cycle in photophysiological parameters concurrent to the spatial variation, better predictions of the electron requirement for carbon fixation to estimate gross primary productivity, and the identification of more flow cytometer clusters with informative value. Nevertheless, the richness of additional information provided by high-resolution methods can improve existing low-resolution monitoring programs towards a more precise and ecosystemic ecological assessment of the phytoplankton community and productivity.},
  issn = {18120792},
  doi = {10.5194/os-15-1267-2019},
  url = {https://doi.org/10.5194/os-15-1267-2019},
  file = {:C\:/Users/stolte/AppData/Local/Mendeley Ltd./Mendeley Desktop/Downloaded/Aardema et al. - 2019 - High-resolution underway measurements of phytoplankton photosynthesis and abundance as an innovative addition to.pdf:PDF},
}

@Article{Spronk2008,
  author = {G C Spronk},
  title = {{Werkdocument Doorzicht Westerschelde 1996-2007 (Move / Moneos)}},
  journal = {Nummer RIKZ/ZDE/1007.862.w.},
  year = {2008},
  keywords = {Westerschelde},
}

@Article{ELR2011,
  author = {{Deltares}},
  title = {{Eerstelijnsrapportage Westerschelde 2011}},
  journal = {Kenmerk: 1205529-000-ZKS-0006},
  year = {2012},
  keywords = {Westerschelde},
}

@Misc{Toestand2009,
  author = {{IDON}},
  title = {{Nieuwsbrief Integraal Beheer Noordzee.}},
  year = {2009},
  publisher = {Interdepartementaal Directeurenoverleg/IDON},
  address = {Rijswijk},
  pages = {1--16},
  keywords = {Grevelingen,Waddenzee,Westerschelde,waddenzee},
  file = {:C\:/Users/stolte/AppData/Local/Mendeley Ltd./Mendeley Desktop/Downloaded/IDON - 2009 - Nieuwsbrief Integraal Beheer Noordzee.pdf:PDF},
}

@TechReport{Troost2013,
  author = {T A Troost},
  title = {{Draagkracht voor MZI's in de Oosterschelde}},
  year = {2013},
  institution = {Deltares},
  address = {Delft},
  keywords = {Ooster,Waddenzee,Westerschelde,primary production,waddenzee},
  file = {:C\:/Users/stolte/AppData/Local/Mendeley Ltd./Mendeley Desktop/Downloaded/Troost - 2013 - Draagkracht voor MZI's in de Oosterschelde.pdf:PDF},
}

@TechReport{Holzhauer2011,
  author = {H Holzhauer and T Maris and P Meire and S {van Damme} and A Nolte and K Kuijper and M D Taal and C Jeuken and J Kromkamp and B K {van Wesenbeeck} and G {van Ryckegem} and E {van den Bergh} and S Wijnhoven},
  title = {{Evaluatiemethodiek Schelde-estaurium. Fase 2}},
  year = {2011},
  institution = {Deltares},
  address = {Delft},
  keywords = {Eastern Scheldt,Ecotopenstelsel,Evaluatiemethodiek,Grevelingen,Oosterschelde,Waddenzee,Westerschelde,ecotopenstelsel,primary production,veersemeer,waddenzee,zeespiegel},
  abstract = {Voor u ligt een evaluatiemethodiek voor het Schelde-estuarium. De methodiek is een instrumentarium om het functioneren van dit estuariene systeem te evalueren. Deze rapportage is het vervolg op een eerste draft methodiek die in november 2010 werd opgesteld. Opdrachtgever voor deze grensoverschrijdende evaluatiemethodiek is Vlaams-Nederlandse Schelde Commissie (VNSC), met Rijkswaterstaat-Waterdienst als administratief opdrachtgever. De opdracht werd uitgevoerd door Deltares in samenwerking met de Universiteit Antwerpen. De methodiek is opgebouwd rond de hoofdfuncties uit de langetermijnvisie. Vanuit deze functies is een beperkte set communicatie-indicatoren ontwikkeld. Het eerste hoofdstuk, Inleiding, beschrijft de gebruikte werkwijze en de onderlinge samenhang tussen de communicatie-indicatoren. Elke communicatie-indicator is nadien uitgewerkt als zelfstandig hoofdstuk en kan los van de andere indicatoren gelezen worden.},
  file = {:C\:/Users/stolte/AppData/Local/Mendeley Ltd./Mendeley Desktop/Downloaded/Holzhauer et al. - 2011 - Evaluatiemethodiek Schelde-estaurium. Fase 2.pdf:PDF},
}

@Article{VanderWoerd2011,
  author = {Hendrik Jan {van der Woerd} and Anouk Blauw and Louis Peperzak and Reinold Pasterkamp and Steef Peters},
  title = {{Analysis of the spatial evolution of the 2003 algal bloom in the Voordelta (North Sea)}},
  journal = {Journal of Sea Research},
  year = {2011},
  month = {feb},
  publisher = {Elsevier B.V.},
  volume = {65},
  number = {2},
  pages = {195--204},
  keywords = {Algal Blooms,Eastern Scheldt,GEM,Grevelingen,North Sea,Oosterschelde,Phaeocystis,Satellite Observations,Westerschelde,primary production,zeespiegel},
  abstract = {Phaeocystis blooms in the Southern Bight of the North Sea may cause damage to the aquatic ecosystem and to commercial mussel cultures at the entrance of the Oosterschelde estuary. In this paper the potential for early detection of Phaeocystis blooms in Dutch coastal waters is studied, using a combination of field data, satellite observations and hydrodynamic- and biological modelling. For the spring bloom period in the year 2003 MERIS chlorophyll-a maps, derived with the HYDROPT algorithm for coastal waters, were compared to in-situ measurements at stations off the coast in de Voordelta and the results of the GEM biogeochemical model.The analysis shows that the spatial and temporal variability in Phaeocystis abundance and total biomass (expressed by the Chl-a concentration) during spring is large. It is confirmed that blooms may develop off shore and show a tendency to accumulate within 10. km from the coastline, giving rise to rapid biomass accumulation at the mouth of the multiple estuaries in the Voordelta. Based on the outcome of this study an early warning system is proposed that notifies local water managers and shellfish growers for potentially harmful Phaeocystis bloom formation. {\textcopyright} 2010 Elsevier B.V.},
  issn = {13851101},
  doi = {10.1016/j.seares.2010.09.007},
  url = {http://linkinghub.elsevier.com/retrieve/pii/S1385110110001206},
  url = {http://linkinghub.elsevier.com/retrieve/pii/S1385110110001206},
  file = {:C\:/Users/stolte/AppData/Local/Mendeley Ltd./Mendeley Desktop/Downloaded/van der Woerd et al. - 2011 - Analysis of the spatial evolution of the 2003 algal bloom in the Voordelta (North Sea).pdf:PDF},
}

@TechReport{Krystek2022,
  author = {Petra Krystek and Nanette {van Duijnhoven}},
  title = {{Een vergelijking van Nederlandse en Vlaamse meetdata voor KRW-stoffen in het stroomgebied Schelde}},
  year = {2022},
  institution = {Deltares},
  address = {Delft},
  keywords = {Westerschelde},
  url = {https://kennisbank.deltares.nl/Details/fullCatalogue/1000020903},
  file = {:C\:/Users/stolte/AppData/Local/Mendeley Ltd./Mendeley Desktop/Downloaded/Krystek, Duijnhoven - 2022 - Een vergelijking van Nederlandse en Vlaamse meetdata voor KRW-stoffen in het stroomgebied Schelde.pdf:PDF},
}

@TechReport{Barneveld2017,
  author = {H J Barneveld and R P Nicolai and M {van Veen} and S {van Haaster} and T J Boudewijn and J W {de Jong} and K {van Didderen} and P P {van de Haterd, R.J.W. Middenveld} and S Michielsen and I {Van De Moortel} and C Velez and E {de Wilde}},
  title = {{Analyserapport T2015-rapportage Schelde-estuarium}},
  year = {2017},
  institution = {HKV Lijn in Water},
  address = {Lelystad},
  number = {november},
  keywords = {Eastern Scheldt,Ecotopenstelsel,Oosterschelde,Waddenzee,Westerschelde,ecotopenstelsel,veersemeer,waddenzee},
  url = {https://www.vnsc.eu/uploads/2018/07/t2015-analyserapport.pdf},
  file = {:C\:/Users/stolte/AppData/Local/Mendeley Ltd./Mendeley Desktop/Downloaded/Barneveld et al. - 2017 - Analyserapport T2015-rapportage Schelde-estuarium.pdf:PDF},
}

@Article{Cloern2001,
  author = {J E Cloern},
  title = {{Our evolving conceptual model of the coastal eutrophication problem}},
  journal = {Marine Ecology Progress Series},
  year = {2001},
  volume = {210},
  pages = {223--253},
  keywords = {Coastal ecosystems,Coastal eutrophication,Eastern Scheldt,Estuaries,Nitrogen,Nutrient enrichment,Oosterschelde,Phosphorus,Waddenzee,Westerschelde,primary production,waddenzee,zeespiegel},
  abstract = {A primary focus of coastal science during the past 3 decades has been the question: How does anthropogenic nutrient enrichment cause change in the structure or function of nearshore coastal ecosystems? This theme of environmental science is recent, so our conceptual model of the coastal eutrophication problem continues to change rapidly. In this review, I suggest that the early (Phase I) conceptual model was strongly influenced by limnologists, who began intense study of lake eutrophication by the 1960s. The Phase I model emphasized changing nutrient input as a signal, and responses to that signal as increased phytoplankton biomass and primary production, decomposition of phytoplankton-derived organic matter, and enhanced depletion of oxygen from bottom waters. Coastal research in recent decades has identified key differences in the responses of lakes and coastal-estuarine ecosystems to nutrient enrichment. The contemporary (Phase II) conceptual model reflects those differences and includes explicit recognition of (1) system-specific attributes that act as a filter to modulate the responses to enrichment (leading to large differences among estuarine-coastal systems in their sensitivity to nutrient enrichment); and (2) a complex suite of direct and indirect responses including linked changes in: water transparency, distribution of vascular plants and biomass of macroalgae, sediment biogeochemistry and nutrient cycling, nutrient ratios and their regulation of phytoplankton community composition, frequency of toxic/harmful algal blooms, habitat quality for metazoans, reproduction/growth/survival of pelagic and benthic invertebrates, and subtle changes such as shifts in the seasonality of ecosystem functions. Each aspect of the Phase II model is illustrated here with examples from coastal ecosystems around the world. In the last section of this review I present one vision of the next (Phase III) stage in the evolution of our conceptual model, organized around 5 questions that will guide coastal science in the early 21st century: (1) How do system-specific attributes constrain or amplify the responses of coastal ecosystems to nutrient enrichment? (2) How does nutrient enrichment interact with other stressors (toxic contaminants, fishing harvest, aquaculture, nonindigenous species; habitat loss, climate change, hydrologic manipulations) to change coastal ecosystems? (3) How are responses to multiple stressors linked? (4) How does human-induced change in the coastal zone impact the Earth system as habitat for humanity and other species? (5) How can a deeper scientific understanding of the coastal eutrophication problem be applied to develop tools for building strategies at ecosystem restoration or rehabilitation?},
  issn = {01718630},
  doi = {10.3354/meps210223},
  url = {http://www.int-res.com/abstracts/meps/v210/p223-253/},
  url = {http://www.int-res.com/abstracts/meps/v210/p223-253/},
  file = {:C\:/Users/stolte/AppData/Local/Mendeley Ltd./Mendeley Desktop/Downloaded/Cloern - 2001 - Our evolving conceptual model of the coastal eutrophication problem.pdf:PDF},
}

@TechReport{Hulsbergen2007,
  author = {Rolf Hulsbergen Rapport and Rolf Hulsbergen},
  title = {{Onzekerheidsanalyse algenmodellering}},
  year = {2007},
  institution = {WL | Delft Hydraulics report Q4282},
  number = {april},
  keywords = {Grevelingen,Q4282,Westerschelde},
  file = {:C\:/Users/stolte/AppData/Local/Mendeley Ltd./Mendeley Desktop/Downloaded/Rapport - 2007 - Onzekerheidsanalyse algenmodellering.pdf:PDF},
}

@InBook{Zuur2009b,
  author = {A F Zuur and E N {Latuhihin M.Jand Ieno} and J G Baretta-Bekker and G M Smith and N J Walker},
  editor = {Walker N Saveliev A A Smith G M {Zuur A.F. Ieno E.N.}},
  title = {{Mixed effects models and extensions in ecology with R.}},
  year = {2009},
  publisher = {Springer},
  address = {New York, NY},
  pages = {423--446},
  keywords = {Westerschelde},
  chapter = {Additive M},
}

@TechReport{Waterstaatkundige2012,
  author = {M H {van der Weijden} and M Roos},
  title = {{MWTL Meetplan 2016}},
  year = {2015},
  institution = {RWS},
  address = {Lelystad},
  keywords = {Eastern Scheldt,Ecotopenstelsel,Grevelingen,Oosterschelde,Waddenzee,Westerschelde,ecotopenstelsel,veersemeer,waddenzee},
  abstract = {Bron voor hoeveelheid driehoeksmosselen dat is afgenomen},
  isbn = {9789036914215},
  file = {:C\:/Users/stolte/AppData/Local/Mendeley Ltd./Mendeley Desktop/Downloaded/Weijden, Roos - 2015 - MWTL Meetplan 2016.pdf:PDF},
}

@Article{ELR2012,
  author = {{Deltares}},
  title = {{Eerstelijnsrapportage Westerschelde 2012}},
  journal = {Kenmerk: 1205529-000-ZKS-0006},
  year = {2013},
  keywords = {Westerschelde},
}

@Article{Muylaert2000,
  author = {K Muylaert and K Sabbe and W Vyverman},
  title = {{Spatial and temporal dynamics of phytoplankton communities in a freshwater tidal estuary (Schelde, Belgium)}},
  journal = {Estuarine, Coastal and Shelf Science},
  year = {2000},
  volume = {50},
  number = {5},
  pages = {673--687},
  keywords = {CCA,Freshwater tidal estuary,Multivariate analysis,Phytoplankton,Schelde Estuary,Schelde estuary.,Seasonal and spatial dynamics,Species composition,Variation partitioning,Westerschelde,freshwater tidal estuary,multivariate analysis,phytoplankton,primary production,seasonal and spatial dynamics,species composition,variation partitioning,zeespiegel},
  abstract = {During the course of 1996, the brackish to freshwater tidal reaches of the Schelde Estuary were sampled monthly along a longitudinal transect to study the origin and composition of phytoplankton communities in the freshwater tidal estuary. Variation in the phytoplankton community as a whole and its relation with the abiotic environment was analysed using multivariate analysis with variation partitioning. Of the variation in the species data 23{\textperiodcentered}4% was spatially structured and a large part (13{\textperiodcentered}8%) was explained by salinity or factors co-varying with salinity, with a marked species succession observed along the salinity gradient. Spatial variation not related to salinity (9{\textperiodcentered}6%) was mainly situated within the freshwater tidal reaches, where in the uppermost stations phytoplankton was imported from the riverine tributaries while in the more downstream situated stations it was produced in situ. Riverine phytoplankton declined after import into the estuary where it was replaced by autochthonous, estuarine populations which were adapted to the low light climate and/or resistant to rotifer grazing. Of the species variation 27{\textperiodcentered}8% was temporally structured. While riverine blooms appeared to be initiated by an increase in irradiance a decrease in river discharge in spring, estuarine phytoplankton only developed in summer, when temperature increased. Some potentials and limitations of the use of multivariate analyses with variation partitioning in pelagic estuarine environments are discussed in view of our results. (C) 2000 Academic Press.},
  issn = {02727714},
  doi = {10.1006/ecss.2000.0590},
  url = {https://doi.org/10.1006/ecss.2000.0590},
  file = {:C\:/Users/stolte/AppData/Local/Mendeley Ltd./Mendeley Desktop/Downloaded/Muylaert, Sabbe, Vyverman - 2000 - Spatial and temporal dynamics of phytoplankton communities in a freshwater tidal estuary (Schelde, Be.pdf:PDF},
}

@Article{VanLoon2015,
  author = {W M G M {van Loon} and A R Boon and A Gittenberger and D J J Walvoort and M Lavaleye and G C A Duineveld and A J Verschoor},
  title = {{Application of the Benthic Ecosystem Quality Index 2 to benthos in Dutch transitional and coastal waters}},
  journal = {Journal of Sea Research},
  year = {2015},
  publisher = {Elsevier B.V.},
  volume = {103},
  pages = {1--13},
  keywords = {BEQI2,Benthic invertebrates,Dutch transitional and coastal waters,Eastern Scheldt,Ecotopenstelsel,Multi-metric index,Oosterschelde,Waddenzee,Water framework directive,Westerschelde,ecotopenstelsel,primary production,waddenzee,zeespiegel},
  abstract = {The Benthic Ecosystem Quality Index 2 (BEQI2) is the Dutch multi-metric index (MMI) for assessing the status and trend of benthic invertebrates in transitional and coastal waters for the Water Framework Directive (WFD). It contains the same indicators, i.e. species richness, Shannon index and AMBI, as in the multivariate m-AMBI. The latter MMI has been adopted by several European countries in the context of WFD implementation. In contrast to m-AMBI, the BEQI2 calculation procedure has been strongly simplified and consists of two steps, i.e. the separate indicator values are normalized using their long-term reference values resulting in three Ecological Quality Ratios (EQRs), which are subsequently averaged to give one BEQI2 value. Using this method only small numbers of samples need to be analysed by Dutch benthos laboratories annually, without the necessity to co-analyse a larger historical dataset. BEQI2 EQR values appeared to correlate quantitatively very well with m-AMBI EQR values. In addition, a data pooling procedure has been added to the BEQI2 tool which enables the pooling of small core samples (0.01-0.025m<sup>2</sup>) into larger standardized data pools of 0.1m<sup>2</sup> in order to meet the data requirements of the AMBI indicator and to obtain comparable reference values. Furthermore, the BEQI2 tool automatically and efficiently converts species synonym names into standardized species names. The BEQI2 tool has been applied to all Dutch benthos data monitored by Rijkswaterstaat in the period of 1991-2010 in the transitional and coastal waters and salt lakes and these results are reported here for the first time. Reference values for species richness and Shannon index (99 percentile values) and AMBI reference values (1 percentile values) were estimated for all water body-ecotopes and are discussed. BEQI2 results for all these water bodies are discussed in view of natural and human pressures. The pressure sensitivity of the BEQI2 for sewage and dredging/dumping, via the state variables oxygen and suspended matter respectively, was demonstrated.},
  issn = {13851101},
  doi = {10.1016/j.seares.2015.05.002},
  url = {https://doi.org/10.1016/j.seares.2015.05.002},
  file = {:C\:/Users/stolte/AppData/Local/Mendeley Ltd./Mendeley Desktop/Downloaded/van Loon et al. - 2015 - Application of the Benthic Ecosystem Quality Index 2 to benthos in Dutch transitional and coastal waters.pdf:PDF},
}

@Article{Forster2006,
  author = {R M Forster and V Crach and K Sabbe and W Vyverman and L J Stal},
  title = {{Biodiversity  ecosystem function relationship in microphytobenthic diatoms of the Westerschelde estuary}},
  journal = {Marine Ecology Progress Series},
  year = {2006},
  volume = {311},
  pages = {191--201},
  keywords = {Waddenzee,Westerschelde,benthic diatoms,biodiversity,biomass,net primary production,of the publisher,permitted without written consent,primary production,resale or republication not,waddenzee,zeespiegel},
  file = {:C\:/Users/stolte/AppData/Local/Mendeley Ltd./Mendeley Desktop/Downloaded/Forster et al. - 2006 - Biodiversity  ecosystem function relationship in microphytobenthic diatoms of the Westerschelde estuary.pdf:PDF},
}

@TechReport{Jonge2006,
  author = {Victor N De Jonge and Verena S Brauer},
  title = {{The Ems estuary}},
  year = {2006},
  institution = {University of Groningen},
  address = {Groningen},
  number = {February},
  keywords = {Waddenzee,Westerschelde,primary production,waddenzee,zeespiegel},
  file = {:C\:/Users/stolte/AppData/Local/Mendeley Ltd./Mendeley Desktop/Downloaded/Jonge, Brauer - 2006 - The Ems estuary.pdf:PDF},
}

@TechReport{Ysebaert2018,
  author = {Tom Ysebaert and Ingrid Tulp},
  title = {{Trends van steltlopers en andere benthos etende vogels in de Oosterschelde: 1987  2017/2018}},
  year = {2018},
  institution = {Wageningen Marine Research},
  address = {Yerseke},
  keywords = {Oosterschelde,Waddenzee,Westerschelde,benthos etende vogels,oosterschelde,steltlopers,trends,waddenzee},
  isbn = {0373599285},
  file = {:C\:/Users/stolte/AppData/Local/Mendeley Ltd./Mendeley Desktop/Downloaded/Ysebaert, Tulp - 2018 - Trends van steltlopers en andere benthos etende vogels in de Oosterschelde 1987  20172018.pdf:PDF},
}

@Article{mitra2023mixoplankton,
  author = {Aditee Mitra and David A Caron and Emile Faure and Kevin J Flynn and Suzana Gonalves Leles and Per J Hansen and George B McManus and Fabrice Not and Helga {do Rosario Gomes} and Luciana F Santoferrara and {Others}},
  title = {{The Mixoplankton Database (MDB): Diversity of photo-phago-trophic plankton in form, function, and distribution across the global ocean}},
  journal = {Journal of Eukaryotic Microbiology},
  year = {2023},
  publisher = {Wiley Online Library},
  pages = {e12972},
  keywords = {Westerschelde},
}

@Book{Tomas1997,
  author = {C R Tomas},
  title = {{Identifying Marine Phytoplankton}},
  year = {1997},
  publisher = {Academic Press, San Diego},
  keywords = {Westerschelde},
}

@Article{Blauw2008,
  author = {Anouk N Blauw and Hans F.J. Los and Marinus Bokhorst and Paul L.A. Erftemeijer},
  title = {{GEM: A generic ecological model for estuaries and coastal waters}},
  journal = {Hydrobiologia},
  year = {2009},
  month = {sep},
  volume = {618},
  number = {1},
  pages = {175--198},
  keywords = {1204406,Eastern Scheldt,GEM,Generic ecological model,Nutrients,Oosterschelde,Phytoplankton modelling,Validation,Waddenzee,Water quality,Westerschelde,primary production,veersemeer,waddenzee,zeespiegel},
  abstract = {The set-up, application and validation of a generic ecological model (GEM) for estuaries and coastal waters is presented. This model is a comprehensive ecological model of the bottom of the foodweb, consisting of a set of modules, representing specific water quality processes and primary production that can be combined with any transport model to create a dedicated model for a specific ecosystem. GEM links different physical, chemical and ecological model components into one generic and flexible modelling tool that allows for variable sized, curvilinear grids to accomodate both the requirements for local accuracy while maintaining a relatively short model run-time. The GEM model describes the behaviour of nutrients, organic matter and primary producers in estuaries and coastal waters, incorporating dynamic process modules for dissolved oxygen, nutrients and phytoplankton. GEM integrates the best aspects of existing Dutch estuarine models that were mostly dedicated to only one type of ecosystem, geographic area or subset of processes. Particular strengths of GEM include its generic applicability and the integration and interaction of biological, chemical and physical processes into one predictive tool. The model offers flexibility in choosing which processes to include, and the ability to integrate results from different processes modelled simultaneously with different temporal resolutions. The generic applicability of the model is illustrated using a number of representative examples from case studies in which the GEM model was successfully applied. Validation of these examples was carried out using the 'cost function' to compare model results with field observations. The validation results demonstrated consistent accuracy of the GEM model for various key parameters in both spatial dimensions (horizontally and vertically) as well as temporal dimensions (seasonally and across years) for a variety of water systems without the need for major reparameterisation. {\textcopyright} 2008 Springer Science+Business Media B.V.},
  issn = {00188158},
  doi = {10.1007/s10750-008-9575-x},
  url = {http://www.springerlink.com/index/10.1007/s10750-008-9575-x},
  url = {http://www.springerlink.com/index/10.1007/s10750-008-9575-x},
  file = {:C\:/Users/stolte/AppData/Local/Mendeley Ltd./Mendeley Desktop/Downloaded/Blauw et al. - 2008 - GEM a generic ecological model for estuaries and coastal waters.pdf:PDF},
}

@TechReport{Rijkswaterstaat2009,
  author = {{Rijkswaterstaat}},
  title = {{Stroomgebiedbeheerplan Schelde}},
  year = {2009},
  institution = {RWS},
  keywords = {Eastern Scheldt,Ecotopenstelsel,Grevelingen,Oosterschelde,Waddenzee,Westerschelde,ecotopenstelsel,veersemeer,waddenzee,zeespiegelmonitor},
  file = {:C\:/Users/stolte/AppData/Local/Mendeley Ltd./Mendeley Desktop/Downloaded/Rijkswaterstaat - 2009 - Stroomgebiedbeheerplan Schelde.pdf:PDF},
}

@TechReport{Hintzen2000,
  author = {Niels Hintzen},
  title = {{Garnalenvisserij in Natura 2000 gebieden}},
  year = {2000},
  institution = {Wageningen Marine Research},
  address = {IJmuiden},
  keywords = {Waddenzee,Westerschelde,garnalenvisserij,logboek,natura 2000,vms,waddenzee},
  isbn = {0373599285},
  doi = {10.18174/541762},
  url = {https://research.wur.nl/en/publications/0a5597c9-aca3-449b-bcaa-1bce86c8f2f0 https://doi.org/10.18174/505901},
  url = {https://research.wur.nl/en/publications/0a5597c9-aca3-449b-bcaa-1bce86c8f2f0 https://doi.org/10.18174/505901},
  file = {:C\:/Users/stolte/AppData/Local/Mendeley Ltd./Mendeley Desktop/Downloaded/Hintzen - 2000 - Garnalenvisserij in Natura 2000 gebieden.pdf:PDF},
}

@TechReport{Wijsman,
  author = {J Wijsman},
  title = {{Meten van primaire productie in de Oosterschelde , Grevelingenmeer en het Veerse Meer}},
  year = {2019},
  institution = {Wageningen Marine Research},
  address = {Yerseke},
  keywords = {Eastern Scheldt,Grevelingen,Oosterschelde,Waddenzee,Westerschelde,primary production,veersemeer,waddenzee},
  isbn = {0373599285},
  doi = {10.18174/472107},
  url = {https://doi.org/10.18174/472107},
  file = {:C\:/Users/stolte/AppData/Local/Mendeley Ltd./Mendeley Desktop/Downloaded/Wijsman - 2019 - Meten van primaire productie in de Oosterschelde , Grevelingenmeer en het Veerse Meer.pdf:PDF},
}

@Article{flynn2019mixotrophic,
  author = {K J Flynn and A Mitra and K Anestis and A A Anschtz and A Calbet and G D Ferreira and N Gypens and P J Hansen and U John and J L Martin and J S Mansour and M Maselli and N Medi and A Norlin and F Not and P Pitta and F Romano and E Saiz and L K Schneider and W Stolte and C Traboni},
  title = {{Mixotrophic protists and a new paradigm for marine ecology: Where does plankton research go now?}},
  journal = {Journal of Plankton Research},
  year = {2019},
  volume = {41},
  number = {4},
  keywords = {Westerschelde,allometry,microbial loop,mixoplankton,mixotrophy,phytoplankton,protist,protozooplankton},
  abstract = {{\textcopyright} 2019 The Author(s). Many protist plankton are mixotrophs, combining phototrophy and phagotrophy. Their role in freshwater and marine ecology has emerged as a major developing feature of plankton research over recent decades. To better aid discussions, we suggest these organisms are termed "mixoplankton", as "planktonic protist organisms that express, or have potential to express, phototrophy and phagotrophy". The term "phytoplankton" then describes phototrophic organisms incapable of phagotrophy. "Protozooplankton" describes phagotrophic protists that do not engage in acquired phototrophy. The complexity of the changes to the conceptual base of the plankton trophic web caused by inclusion of mixoplanktonic activities are such that we suggest that the restructured description is termed the "mixoplankton paradigm". Implications and opportunities for revision of survey and fieldwork, of laboratory experiments and of simulation modelling are considered. The main challenges are not only with taxonomic and functional identifications, and with measuring rates of potentially competing processes within single cells, but with decades of inertia built around the traditional paradigm that assumes a separation of trophic processes between different organisms. In keeping with the synergistic nature of cooperative photo- and phagotrophy in mixoplankton, a comprehensive multidisciplinary approach will be required to tackle the task ahead.},
  issn = {14643774},
  doi = {10.1093/plankt/fbz026},
  url = {https://doi.org/10.1093/plankt/fbz026},
}

@TechReport{Langenberg2010,
  author = {V T Langenberg},
  title = {{Mesozooplankton in the Scheldt Estuary}},
  year = {2010},
  institution = {Deltares},
  address = {Delft},
  keywords = {Westerschelde,carbon flows,ecosystem functioning,primary production,secondary production,veersemeer,zeespiegel,zooplankton},
  file = {:C\:/Users/stolte/AppData/Local/Mendeley Ltd./Mendeley Desktop/Downloaded/Langenberg - 2010 - Mesozooplankton in the Scheldt Estuary.pdf:PDF},
}

@Article{ERL2016,
  author = {{Deltares}},
  title = {{Eerstelijnsrapportage Westerschelde 2016}},
  journal = {Kenmerk: 1209394-000-ZKS-0016},
  year = {2017},
  keywords = {Westerschelde},
}

@TechReport{Daggers2021,
  author = {Tisja D Daggers},
  title = {{Techniques for monitoring of benthic primary production}},
  year = {2021},
  institution = {Tauw},
  address = {Utrecht},
  number = {december},
  keywords = {Waddenzee,Westerschelde,primary production,waddenzee},
  file = {:C\:/Users/stolte/AppData/Local/Mendeley Ltd./Mendeley Desktop/Downloaded/Daggers - 2021 - Techniques for monitoring of benthic primary production.pdf:PDF},
}

@Article{VanBentem2011,
  author = {D {van Bentem}},
  title = {{De effecten van perinatale blootstelling aan PCB's op de immuunrespons}},
  journal = {Bachelor Eindw.},
  year = {2011},
  number = {Universiteit Utrecht},
  keywords = {Westerschelde},
}

@TechReport{Deltares2016,
  author = {{Deltares}},
  title = {{D elft 3D F lexible M esh S uite}},
  year = {2016},
  institution = {Deltares},
  address = {Delft},
  keywords = {Westerschelde,zeespiegel},
  file = {:C\:/Users/stolte/AppData/Local/Mendeley Ltd./Mendeley Desktop/Downloaded/Deltares - 2016 - D elft 3D F lexible M esh S uite.pdf:PDF},
}

@Article{Cox2009,
  author = {T J S Cox and T Maris and K Soetaert and D J Conley and S {Van Damme} and P Meire and J J Middelburg and M Vos and E Struyf},
  title = {{A macro-tidal freshwater ecosystem recovering from hypereutrophication: the Schelde case study}},
  journal = {Biogeosciences},
  year = {2009},
  volume = {6},
  pages = {2935--2948},
  keywords = {Westerschelde,primary production,zeespiegel},
  file = {:C\:/Users/stolte/AppData/Local/Mendeley Ltd./Mendeley Desktop/Downloaded/Cox et al. - 2009 - A macro-tidal freshwater ecosystem recovering from hypereutrophication the Schelde case study.pdf:PDF},
}

@Article{Los2007,
  author = {F J Los and J W M Wijsman},
  title = {{Application of a validated primary production model (BLOOM) as a screening tool for marine, coastal and transitional waters}},
  journal = {Journal of Marine Systems},
  year = {2007},
  month = {jan},
  volume = {64},
  number = {1-4},
  pages = {201--215},
  keywords = {Chlorophyll-a,Coastal waters,Eastern Scheldt,Grevelingen,Nutrient reduction,Oosterschelde,Phytoplankton modelling,Waddenzee,Water Framework Directive,Westerschelde,primary production,waddenzee,zeespiegel},
  abstract = {In order to manage aquatic systems, it is necessary to apply methods relating the environmental variables and system-state parameters with external factors that affect the system. External factors can be natural (i.e. the movement of water) or partly-anthropogenic (i.e. nutrient loads). In addition to the national authorities, who have been implementing environmental policies for several decades, the EU is presently implementing the Water Framework Directive (WFD) aimed at establishing a new set of standards for the ecological and water quality of water systems. Among these are the phytoplankton biomass and composition. Phytoplankton affects turbidity, oxygen depletion, total productivity of the system and the occurrence of (harmful) algal blooms. A range of methods is available to relate phytoplankton to the controlling environmental conditions. Among these are statistical relations for instance of the Vollenweider type as well as deterministic simulation models. At the end of the 1970s, a generic deterministic phytoplankton module called BLOOM was developed, which has since been applied to a wide range of fresh water and marine systems. Here we test the applicability of this model as a screening tool for coastal waters. We conclude that the model is able to reproduce observed chlorophyll levels adequately under a wide range of conditions. Subsequently the model is applied to demonstrate the potential impacts of reductions in nitrogen, phosphorus or both nutrients simultaneously. Depending on which factors are initially controlling, the impacts of these reductions vary considerably both between locations and during the season. While this type of application lacks explicit relations between nutrient concentrations and external loadings, it does consider a number of relevant conditions in a consistent way and requires remarkably little data and effort. It is therefore a valuable screening tool. {\textcopyright} 2006 Elsevier B.V. All rights reserved.},
  issn = {09247963},
  doi = {10.1016/j.jmarsys.2006.03.009},
  url = {http://linkinghub.elsevier.com/retrieve/pii/S0924796306001138},
  url = {http://linkinghub.elsevier.com/retrieve/pii/S0924796306001138},
  file = {:C\:/Users/stolte/AppData/Local/Mendeley Ltd./Mendeley Desktop/Downloaded/Los, Wijsman - 2007 - Application of a validated primary production model (BLOOM) as a screening tool for marine, coastal and transition.pdf:PDF},
}

@PhdThesis{Rv,
  author = {Hans F J Los},
  title = {{Eco Hydrodynamic Modelling of Primary Production in Coastal Waters and Lakes Using Bloom}},
  year = {2009},
  keywords = {Eastern Scheldt,Grevelingen,Oosterschelde,Waddenzee,Westerschelde,mixotrophy,primary production,waddenzee,zeespiegel},
  abstract = {In many areas nutrient loadings to aquatic ecosystems have increased considerably as a result of population growth, industrial development and urbanisation. This has resulted in enhanced growth of phytoplankton, shifts in composition of the plankton community and changes in the structure of ecosystems, which are often considered to be objectionable. To help understanding these processes and to predict future conditions, a mathematical model, BLOOM, has been developed and applied since 1977. It simulates the biomass and composition of phytoplankton and macro algae in relation to the amount of nutrients, the under water light climate and grazing.},
  school = {University of Wageningen},
  file = {:C\:/Users/stolte/AppData/Local/Mendeley Ltd./Mendeley Desktop/Downloaded/Los - 2009 - Eco-hydrodynamic modelling of primary production in coastal waters and lakes using BLOOM.pdf:PDF},
}

@TechReport{Hydraulics2004,
  author = {J {Wijsman, J. , Los, H., van Beek}},
  title = {{The filtering capacity of an estuary for nutrients}},
  year = {2004},
  institution = {WL | Delft Hydraulics},
  address = {Delft},
  keywords = {Eastern Scheldt,Oosterschelde,Waddenzee,Westerschelde,primary production,waddenzee},
  file = {:C\:/Users/stolte/AppData/Local/Mendeley Ltd./Mendeley Desktop/Downloaded/Wijsman, J. , Los, H., van Beek - 2004 - The filtering capacity of an estuary for nutrients.pdf:PDF},
}

@TechReport{Arcadis2011,
  author = {{Arcadis}},
  title = {{Afleidingen hydromorfologie rijkswateren.}},
  year = {2011},
  institution = {Rijkswaterstaat, Data ICT Dienst},
  number = {december},
  keywords = {Eastern Scheldt,Ecotopenstelsel,Grevelingen,Oosterschelde,Waddenzee,Westerschelde,ecotopenstelsel,veersemeer,waddenzee},
  abstract = {De Europese Kaderrichtlijn Water (KRW) heeft als doel het op orde krijgen van de toestand van het watersysteem in Europa. Naast de biologische en chemische toestand is ook de hydromorfologie een toestand die genventariseerd en gemonitord moet worden. Deze toestand wordt beschreven aan de hand van hydromorfologische parameters. De doelstelling van het project is om uit de verzameling brondata, die op dit moment beschikbaar zijn, de hydromorfologische parameters af te leiden en te beoordelen.},
  file = {:C\:/Users/stolte/AppData/Local/Mendeley Ltd./Mendeley Desktop/Downloaded/Arcadis - 2011 - Afleidingen hydromorfologie rijkswateren.pdf:PDF},
}

@Article{Vries1998,
  author = {I {De Vries} and R N M Duin and J C H Peeters and F J Los and M Bokhorst and R W P M Laane},
  title = {{Patterns and trends in nutrients and phytoplankton in Dutch coastal waters: Comparison of time-series analysis, ecological model simulation, and mesocosm experiments}},
  journal = {ICES Journal of Marine Science},
  year = {1998},
  volume = {55},
  number = {4},
  pages = {620--634},
  keywords = {Coastal eutrophication,Eastern Scheldt,Ecological efficiency,Mesocosm experiments,Model simulation,Nutrients (phosphorus, nitrogen, N:P ratio),Oosterschelde,Productivity,Riverine inputs,Trend analysis,Waddenzee,Westerschelde,primary production,waddenzee,zeespiegel},
  abstract = {In the Dutch coastal zone, nutrient and chlorophyll concentrations show gradients of up to one order of magnitude perpendicular to the coast within the first 30-50 km offshore. Time-series analysis reveals significant decreasing trends for dissolved inorganic phosphorus (40%) and total phosphorus (35%) and an increase in the dissolved inorganic N:P ratio from 25-30 to 40-55 over the period 1988-1995. Trends in nitrogen (- 15%), silicate (stable), and chlorophyll are smaller and generally not statistically significant. The trends in phosphorus reflect a proportional and immediate response to decreasing riverine inputs. The observed trends, spatial gradients, and long-term seasonal patterns are simulated quite well with a coupled physical-ecological model with high spatial resolution for the coastal zone. The model results indicate no effect of decreasing phosphorus, but an important role for both nitrogen and light climate in primary production and algal biomass. These results have been reproduced in mesocosm experiments. Moreover, these experiments indicate a strong response of primary production and chlorophyll to nitrogen load, whereas secondary production (macrobenthos) remains relatively stable. Ecological efficiency of secondary production increases from 7% to > 10%, with a decrease in nitrogen loading by 50% from the present level. In the absence of a significant nitrogen reduction in coastal waters, the mesocosm results cannot be related to field data as yet. However, the expectation is that reducing nitrogen inputs will not affect productivity at higher trophic levels to any great extent.},
  issn = {10543139},
  doi = {10.1006/jmsc.1998.0399},
  url = {https://doi.org/10.1006/jmsc.1998.0399},
  file = {:C\:/Users/stolte/AppData/Local/Mendeley Ltd./Mendeley Desktop/Downloaded/De Vries et al. - 1998 - Patterns and trends in nutrients and phytoplankton in Dutch coastal waters Comparison of time-series analysis,.pdf:PDF},
}

@TechReport{Langenberg2008,
  author = {V T Langenberg and T A Troost},
  title = {{Overview of indicators for Good Environmental Status Overview of indicators for Good Environmental Status}},
  year = {2008},
  institution = {Deltares},
  address = {Delft},
  keywords = {Eastern Scheldt,Grevelingen Oosterschelde,Oosterschelde,Waddenzee,Westerschelde,primary production,veersemeer,waddenzee,zeespiegel},
  abstract = {This study was carried out to obtain an overview of the main indicator frameworks with their respective types of indicators used or developed for the monitoring of Marine ecosystems in the Netherlands. We identified a total of 199 indicators belonging to 8 frame works and ranked (scored) them using a qualitative analyses based on the ICES criteria for a good indicators used for technical evaluation. All identified indicators were related (linked) to all GES qualitative descriptors for determining Good Environmental Status (Annex 1 of the MSFDDirective 2008/56/EC). Those GES descriptors with a limited number of relevant indicators were identified for further attention (GES descriptors with information gaps'). A maximum of two high ranked indicators of the least covered GES descriptors were identified. All combined this led to a shortlist of 11 indicators that were analysed for their applicability, scientific soundness, practicality and the probable costs involved with future implementation in GES monitoring. All 11 indicators showed to be of high ecological relevance. The establishment of consistent indicator reference target or limit levels seemed intricate mostly due to lack of or insufficient quality of the quantitative basis for setting such levels. Another underlying difficulty is the insufficient understanding of the complex correlations between pressure and impact in time and space. This hampers especially the full implementation and further development of those indicators meant for the monitoring of impacted biota (e.g., benthos, plankton and seals) and may easily lead to a descriptive and costly monitoring that only gradually in time may allow one to correlate system responses to other external events or vice versa and derive cause-effect relationships. The pressure indicators that monitor physical and chemical phenomena scored higher on the technical evaluation, where unambiguous, and reference as well as limit levels may be constructed and set relatively easily. The time frames for implementation and outcome assessment may furthermore be short and costs are relatively low. It is recommended that a balanced set of indicators may be needed for monitoring the GES of the North Sea ecosystem in the context of conservation, protection, and sustainable use. For successful implementation, some indicators of the set should be scientifically specific and designed to further unravel the ecosystem responses to variable human induced impacts, while other indicators, with less explanatory power, will have to monitor anthropogenic drivers and pressures. The set of indicators must be able to address the different objectives set by ecological, social and economic structures.},
  file = {:C\:/Users/stolte/AppData/Local/Mendeley Ltd./Mendeley Desktop/Downloaded/Langenberg, Troost - 2008 - Overview of indicators for Good Environmental Status Overview of indicators for Good Environmental Status.pdf:PDF},
}

@TechReport{Barneveld2018,
  author = {H J Barneveld and R P Nicolai and T J Boudewijn and J W {de Jong} and K {van Didderen} and R J W {van de Haterd} and I {Van De Moortel} and C Velez},
  title = {{Evaluatierapport. T2015-rapportage Schelde-estuarium.}},
  year = {2018},
  institution = {HKV Lijn in Water},
  address = {Lelystad},
  number = {april},
  keywords = {Eastern Scheldt,Ecotopenstelsel,Oosterschelde,Waddenzee,Westerschelde,ecotopenstelsel,waddenzee,zeespiegelmonitor},
  url = {https://www.vnsc.eu/uploads/2018/07/t2015-evaluatierapport.pdf},
  file = {:C\:/Users/stolte/AppData/Local/Mendeley Ltd./Mendeley Desktop/Downloaded/Barneveld et al. - 2018 - Evaluatierapport. T2015-rapportage Schelde-estuarium.pdf:PDF},
}

@TechReport{VanderHolst2001,
  author = {I {van der Holst} and M C Kotte and W Vos},
  title = {{Chemisch zuurstofverbruik in monsters met een hoog chloride gehalte.}},
  year = {2001},
  institution = {Rijksinstituut voor Integraal Zoetwaterbeheer en Afvalwaterbehandeling/RIZA},
  address = {Lelystad},
  keywords = {Westerschelde},
  url = {https://puc.overheid.nl/rijkswaterstaat/doc/PUC_41245_31/},
  file = {:C\:/Users/stolte/AppData/Local/Mendeley Ltd./Mendeley Desktop/Downloaded/van der Holst, Kotte, Vos - 2001 - Chemisch zuurstofverbruik in monsters met een hoog chloride gehalte.pdf:PDF},
}

@Article{Soetaert1994,
  author = {Karline Soetaert and Peter M J Herman},
  title = {{One foot in the grave : zooplankton drift into the Westerschelde estuary ( The Netherlands )}},
  journal = {Marine Ecology Progress Series},
  year = {1994},
  volume = {105},
  number = {March 1991},
  pages = {19--29},
  keywords = {Waddenzee,Westerschelde,estuary,primary production,waddenzee,westerschelde,zooplankton mortality},
  file = {:C\:/Users/stolte/AppData/Local/Mendeley Ltd./Mendeley Desktop/Downloaded/Soetaert, Herman - 1994 - One foot in the grave zooplankton drift into the Westerschelde estuary ( The Netherlands ).pdf:PDF},
}

@Article{Kromkamp2009a,
  author = {Jacco C Kromkamp and Tom Engeland},
  title = {{Changes in Phytoplankton Biomass in the Western Scheldt Estuary During the Period 19782006}},
  journal = {Estuaries and Coasts},
  year = {2009},
  month = {aug},
  volume = {33},
  number = {2},
  pages = {270--285},
  keywords = {Waddenzee,Westerschelde,chlorophyll a,phenology,phytoplankton biomass,primary production,times series,waddenzee,western scheldt estuary,zeespiegel},
  issn = {1559-2723},
  doi = {10.1007/s12237-009-9215-3},
  url = {http://www.springerlink.com/index/10.1007/s12237-009-9215-3},
  url = {http://www.springerlink.com/index/10.1007/s12237-009-9215-3},
  file = {:C\:/Users/stolte/AppData/Local/Mendeley Ltd./Mendeley Desktop/Downloaded/Kromkamp, Engeland - 2009 - Changes in Phytoplankton Biomass in the Western Scheldt Estuary During the Period 19782006.pdf:PDF},
}

@Article{VandenBerg,
  author = {M {Van den Berg} and L S Birnbaum and M Denison and M {De Vito} and W Farland and M Feeley and R E Peterson},
  title = {{The 2005 World Health Organization Re-evaluation of Human and Mammalian Toxic Equivalency Factors for Dioxins and Dioxin-like Compounds. Toxicological Sciences?}},
  journal = {An Off. J. Soc. Toxicol.},
  year = {2006},
  keywords = {Westerschelde},
}

@TechReport{Rijkswaterstaat2020,
  author = {{Rijkswaterstaat}},
  title = {{Infographic operationeel watermanagement Veerse Meer.}},
  year = {2020},
  institution = {Rijkswaterstaat, Ministerie van Infrastructuur en Waterstaat},
  keywords = {Meer,Westerschelde,veersemeer},
  url = {https://www.rijkswaterstaat.nl/water/waterbeheer/watermanagementcentrum-nederland},
  file = {:C\:/Users/stolte/AppData/Local/Mendeley Ltd./Mendeley Desktop/Downloaded/Rijkswaterstaat - 2020 - Infographic operationeel watermanagement Veerse Meer.pdf:PDF},
}

@TechReport{Meire2008,
  author = {Patrick Meire and T Maris},
  title = {Rapport ECOBE 08-R-113},
  year = {2008},
  institution = {Universiteit Antwerpen},
  address = {Antwerpen},
  keywords = {Ecotopenstelsel,Westerschelde,ecotopenstelsel,primary production,veersemeer},
  abstract = {Het Schelde-estuarium is een zeer complex systeem dat aan continue verandering onderhevig is zowel door natuurlijke factoren als door menselijk ingrijpen. Het is duidelijk dat we willen weten waar de Schelde naartoe gaat in de toekomst en of alle doelstellingen behaald kunnen worden. Voorliggend rapport geeft een omschrijving van een monitoring programma dat wenselijk is om te weten wat de evoluties zijn in de Schelde en wat de oorzaak-gevolg relaties zijn. Dit is essentieel om op een wetenschappelijk verantwoorde manier het estuarium te beheren. Het hier voorgestelde programma is geen opsomming van alle mogelijke monitoringswensen van diverse instanties maar is een selectie van die parameters die nodig zijn om de ontwikkelingen van het systeem te kunnen volgen.},
  isbn = {ECOBE 08-R-113},
  url = {http://www.vliz.be/imisdocs/publications/136078.pdf},
  file = {:C\:/Users/stolte/AppData/Local/Mendeley Ltd./Mendeley Desktop/Downloaded/Meire, Maris - 2008 - MONEOS. Ge{\"{i}}ntegreerde monitoring van het Schelde estuarium.pdf:PDF},
}

@Article{ERL2017,
  author = {{Deltares}},
  title = {{Eerstelijnsrapportage Westerschelde 2017}},
  journal = {Kenmerk: 1209394-000-ZKS-0016},
  year = {2018},
  keywords = {Westerschelde},
}

@TechReport{Cronin2018,
  author = {{Deltares}},
  title = {{Update of the LTV mud model}},
  year = {2018},
  institution = {Deltares},
  address = {Delft},
  keywords = {Waddenzee,Westerschelde,primary production,waddenzee,zeespiegel},
  file = {:C\:/Users/stolte/AppData/Local/Mendeley Ltd./Mendeley Desktop/Downloaded/Deltares - 2018 - Update of the LTV mud model.pdf:pdf;:C\:/Users/stolte/AppData/Local/Mendeley Ltd./Mendeley Desktop/Downloaded/Deltares - 2018 - Update of the LTV mud model(2).pdf:PDF},
}

@Article{Blauw2012,
  author = {Anouk N Blauw and Elisa Beninc and Remi W P M Laane and Naomi Greenwood and Jef Huisman},
  title = {{Dancing with the Tides: Fluctuations of Coastal Phytoplankton Orchestrated by Different Oscillatory Modes of the Tidal Cycle}},
  journal = {PLoS ONE},
  year = {2012},
  month = {nov},
  volume = {7},
  number = {11},
  pages = {14},
  keywords = {Waddenzee,Westerschelde,primary production,waddenzee,zeespiegel},
  issn = {1932-6203},
  doi = {10.1371/journal.pone.0049319},
  url = {http://dx.plos.org/10.1371/journal.pone.0049319},
  url = {http://dx.plos.org/10.1371/journal.pone.0049319},
  file = {:C\:/Users/stolte/AppData/Local/Mendeley Ltd./Mendeley Desktop/Downloaded/Blauw et al. - 2012 - Dancing with the Tides Fluctuations of Coastal Phytoplankton Orchestrated by Different Oscillatory Modes of the Ti.pdf:PDF},
}

@Article{Muylaert2009,
  author = {Koenraad Muylaert and Koen Sabbe and Wim Vyverman},
  title = {{Changes in phytoplankton diversity and community composition along the salinity gradient of the Schelde estuary (Belgium/The Netherlands)}},
  journal = {Estuarine, Coastal and Shelf Science},
  year = {2009},
  month = {apr},
  publisher = {Elsevier Ltd},
  volume = {82},
  number = {2},
  pages = {335--340},
  keywords = {GAM modelling,Remane model,Scheldt estuary,Westerschelde,beta diversity,ecocline,ecotone,primary production,salinity,zeespiegel},
  abstract = {Phytoplankton diversity and community composition were studied along the Schelde river-estuary-coastal zone continuum during the summer of 2003. DCA analysis indicated a gradual compositional turnover of the phytoplankton community within the estuary. GAM modelling of species response curves along the estuarine gradient was used to identify taxa that had their population maximum in the river, the coastal zone or within the estuary. Taxa that had their population maximum within the estuary did not form a homogenous community but comprised species with different salinity optima and rather restricted salinity tolerances. The observed changes in community composition along the estuarine transition zone correspond more closely to an ecocline than to an ecotone model. Despite the fact that few taxa had their population maximum at or near the salinity gradient, alpha diversity did not display a minimum around the salinity gradient. This lack of a diversity minimum within the estuary was ascribed to an important contribution of taxa of riverine or coastal origin to alpha diversity within the estuary contributed. On average 55% of the alpha diversity in the estuarine samples was due to riverine or coastal taxa. Beta diversity displayed a clear maximum around the salinity gradient. For planktonic organisms which are subject to mass effects, beta diversity is probably a better indicator for the impact of the salinity gradient on diversity in estuaries than alpha diversity. {\textcopyright} 2009 Elsevier Ltd. All rights reserved.},
  issn = {02727714},
  doi = {10.1016/j.ecss.2009.01.024},
  url = {https://doi.org/10.1016/j.ecss.2009.01.024},
  file = {:C\:/Users/stolte/AppData/Local/Mendeley Ltd./Mendeley Desktop/Downloaded/Muylaert, Sabbe, Vyverman - 2009 - Changes in phytoplankton diversity and community composition along the salinity gradient of the Schel.pdf:PDF},
}

@TechReport{Hoekstein2021,
  author = {M S J Hoekstein and W M Janse and M Sluiter and K D {Van Straalen}},
  title = {Delta},
  year = {2021},
  institution = {Deltamilieu projecten},
  address = {Vlissingen},
  keywords = {Oosterschelde,Waddenzee,Westerschelde,waddenzee},
  isbn = {9036934796},
  url = {https://puc.overheid.nl/rijkswaterstaat/doc/PUC_639433_31/1/},
  file = {:C\:/Users/stolte/AppData/Local/Mendeley Ltd./Mendeley Desktop/Downloaded/Hoekstein et al. - 2021 - Watervogels en zeezoogdieren in de Zoute Delta 2019 2020.pdf:PDF},
}

@Article{Wal2007,
  author = {D Van Der Wal and T Ysebaert},
  title = {{Leven in het sediment : teledetectie van benthische ecologie van intergetijden- gebieden}},
  journal = {Water},
  year = {2007},
  pages = {1--5},
  keywords = {Westerschelde},
  file = {:C\:/Users/stolte/AppData/Local/Mendeley Ltd./Mendeley Desktop/Downloaded/Wal, Ysebaert - 2007 - Leven in het sediment teledetectie van benthische ecologie van intergetijden- gebieden.pdf:PDF},
}

@Article{Bogaart-Scholte2012,
  author = {M W M Bogaart-Scholte and M H {van der Weijden} and A Naber and L P M J Wetsteijn and M Roos},
  title = {{MWTL MEETPLAN 2015 Monitoring Waterstaatkundige Toestand des Lands.}},
  journal = {Milieumeetnet Rijkswateren. Rijkswaterstaat Waterdienst.},
  year = {2014},
  keywords = {Westerschelde},
}

@TechReport{Kraker2019,
  author = {C {de Kraker}},
  title = {{Onderzoek aan flora en fauna van de Hompelvoet en andere gebieden in de Grevelingen in 2019}},
  year = {2019},
  institution = {Staatsbosbeer/Ecologisch adviesbureau SANDVICENSIS},
  address = {Zonnemaire},
  keywords = {Eastern Scheldt,Oosterschelde,Waddenzee,Westerschelde,veersemeer,waddenzee},
  isbn = {0111401453},
  file = {:C\:/Users/stolte/AppData/Local/Mendeley Ltd./Mendeley Desktop/Downloaded/Kraker - 2019 - Onderzoek aan flora en fauna van de Hompelvoet en andere gebieden in de Grevelingen in 2019.pdf:PDF},
}

@TechReport{Stevens2009,
  author = {Maarten Stevens and Tom Van Den Neucker and Ans Mouton and Seth Martens and Raf Baeyens and Yves Jacobs and Emilie Gelaude and Johan Coeck},
  title = {{Onderzoek naar de trekvissoorten in het stroomgebied van de Schelde}},
  year = {2009},
  institution = {Instituut voor Natuur- en Bosonderzoek/INBO},
  address = {Brussel},
  number = {0},
  keywords = {Ecotopenstelsel,Waddenzee,Westerschelde,ecotopenstelsel,primary production,waddenzee},
  file = {:C\:/Users/stolte/AppData/Local/Mendeley Ltd./Mendeley Desktop/Downloaded/Stevens et al. - 2009 - Onderzoek naar de trekvissoorten in het stroomgebied van de Schelde.pdf:PDF},
}

@TechReport{Maris2014,
  author = {T Maris and A Bruens and L {Van Duren} and J Vroom and H Holzhauer and M {de Jonge} and S {Van Damme} and A Nolte and K Kuijper and M Taal and C Jeuken and J Kromkamp and B K {Van Wesebeeck} and G {Van Ryckegem} and E {Van den Berghe} and S Wijnhoven and P Meire},
  title = {{Evaluatiemethodiek Schelde-estuarium. Update 2014}},
  year = {2014},
  institution = {Universiteit Antwerpen},
  address = {Antwerpen},
  keywords = {Eastern Scheldt,Ecotopenstelsel,Oosterschelde,Waddenzee,Westerschelde,ecotopenstelsel,primary production,veersemeer,waddenzee,zeespiegel,zeespiegelmonitor},
  file = {:C\:/Users/stolte/AppData/Local/Mendeley Ltd./Mendeley Desktop/Downloaded/Maris et al. - 2014 - Evaluatiemethodiek Schelde-estuarium. Update 2014.pdf:PDF},
}

@TechReport{Rijkswaterstaat,
  author = {{Rijkswaterstaat}},
  title = {{Inventarisatie kennis Rijkswaterstaat - Kennis in relatie tot de slibhuishouding in de Waddenzee.}},
  year = {2020},
  institution = {Rijkswterstaat},
  keywords = {Eastern Scheldt,Ecotopenstelsel,Grevelingen,Oosterschelde,Waddenzee,Westerschelde,ecotopenstelsel,primary production,veersemeer,waddenzee,zeespiegel,zeespiegelmonitor},
  file = {:C\:/Users/stolte/AppData/Local/Mendeley Ltd./Mendeley Desktop/Downloaded/Rijkswaterstaat - 2020 - Inventarisatie kennis Rijkswaterstaat - Kennis in relatie tot de slibhuishouding in de Waddenzee.pdf:PDF},
}

@TechReport{Ens2004,
  author = {B J Ens and A C Smaal and J De Vlas},
  title = {{The effects of shellfish fishery on the ecosystems of the Dutch Wadden Sea and Oosterschelde}},
  year = {2004},
  institution = {Alterra},
  address = {Wageningen},
  number = {May 2014},
  keywords = {Waddenzee,Westerschelde,primary production,waddenzee,zeespiegel},
  abstract = {This publication summarises the findings of the scientific research projects carried out as part of EVA II, the second phase in the evaluation of shellfish fisheries policy in the Zeeland Delta and the Wadden Sea, and relates these findings to other studies on the ecological effects of shellfish fisheries in the Wadden Sea and elsewhere. Four policy qustions were at the heart of the project: (1) what are the ecological impacts of shellfish fishery?, (2) did the policies implemented in 1993 achieve their objectives, (3) is current shellfish fishery in line with international obligations, (4) what possiblities for improvement do exist? These policy questions were translated into research questions. Numbers of large shellfish-eating birds declined. Some restoration of seagrass beds occurred, but restoration was not maximal. The area of littoral mussel beds in the Wadden Sea increased to more than 2000 ha, after having disappeared completely in 1990.},
  isbn = {1566-7197},
  file = {:C\:/Users/stolte/AppData/Local/Mendeley Ltd./Mendeley Desktop/Downloaded/Ens, Smaal, Vlas - 2004 - The effects of shellfish fishery on the ecosystems of the Dutch Wadden Sea and Oosterschelde.pdf:PDF},
}

@TechReport{Wetsteijn2007,
  author = {B Wetsteijn and F Twisk and P Meininger and E {van Zanten} and D {van Maldegem}},
  title = {{Monitoring van de effecten van de verruiming 48'/43'}},
  year = {2007},
  institution = {RIKZ},
  address = {Middelburg},
  keywords = {Eastern Scheldt,Ecotopenstelsel,Grevelingen,Oosterschelde,Waddenzee,Westerschelde,ecotopenstelsel,primary production,veersemeer,waddenzee},
  file = {:C\:/Users/stolte/AppData/Local/Mendeley Ltd./Mendeley Desktop/Downloaded/Wetsteijn et al. - 2007 - Monitoring van de effecten van de verruiming 48'43'.pdf:PDF},
}

@TechReport{Nicolai2016,
  author = {Robin Nicolai and Guus Rongen and Fedor Baart},
  title = {{Zeespiegelmonitor. Eenduidige indicatoren.}},
  year = {2016},
  institution = {Deltares, HKV},
  address = {Lelystad, Delft},
  number = {december},
  keywords = {Waddenzee,Westerschelde,waddenzee,zeespiegel,zeespiegelmonitor},
  file = {:C\:/Users/stolte/AppData/Local/Mendeley Ltd./Mendeley Desktop/Downloaded/Nicolai, Rongen, Baart - 2016 - Zeespiegelmonitor. Eenduidige indicatoren.pdf:PDF},
}

@Article{Geerts2017,
  author = {L Geerts and T J S Cox and T Maris and K Wolfstein and P Meire and K Soetaert},
  title = {{Substrate origin and morphology differentially determine oxygen dynamics in two major European estuaries, the Elbe and the Schelde}},
  journal = {Estuarine, Coastal and Shelf Science},
  year = {2017},
  publisher = {Elsevier Ltd},
  volume = {191},
  pages = {157--170},
  keywords = {Biochemical oxygen demand,Dissolved oxygen,Estuaries,Morphology,Oxygen minimum zone (OMZ),Residence time,Westerschelde,primary production,zeespiegel},
  abstract = {The expansion of oxygen minimum zones (OMZ's) in estuaries can be harmful for ecology and economy, prompting the demand for expensive measures. Here we look at the oxygen dynamics in two northern temperate European estuaries, the Schelde (The Netherlands/Belgium) and the Elbe (Germany) and analysed data from the period of 20042009. The Schelde is characterized by two zones of increased oxygen consumption; the Elbe shows one zone of increased oxygen consumption. Despite reduction in biochemical oxygen demand in both estuaries, oxygen conditions improved in the Schelde estuary, while the oxygen minimum zone persisted in the Elbe estuary. To understand these different oxygen dynamics, we applied a one-dimensional reactive transport model to both estuaries. In the Schelde we found low oxygen concentrations to be related to organic matter and ammonium input from the major tributaries. In the Elbe, additionally to a high input of organic matter from upstream, oxygen dynamics were influenced by abrupt changes in estuarine morphology. Next, the origin of the organic matter substrate differs between the two estuaries. In the Elbe, the organic matter imported is mostly composed of algal die-off produced in the Elbe River upstream. In the Schelde the organic matter and ammonium input is mostly related to sewage input of anthropogenic origin. This implies that waste water treatment will be more effective to remediate hypoxia related problems in the Schelde than in the Elbe.},
  issn = {02727714},
  doi = {10.1016/j.ecss.2017.04.009},
  url = {https://doi.org/10.1016/j.ecss.2017.04.009},
  file = {:C\:/Users/stolte/AppData/Local/Mendeley Ltd./Mendeley Desktop/Downloaded/Geerts et al. - 2017 - Substrate origin and morphology differentially determine oxygen dynamics in two major European estuaries, the Elb.pdf:PDF},
}

@Article{Arndt2007,
  author = {S Arndt and J P Vanderborght and P Regnier},
  title = {{Diatom growth response to physical forcing in a macrotidal estuary: Coupling hydrodynamics, sediment transport, and biogeochemistry}},
  journal = {Journal of Geophysical Research: Oceans},
  year = {2007},
  volume = {112},
  number = {5},
  keywords = {Westerschelde,primary production,zeespiegel},
  abstract = {A two-dimensional, nested grid, hydrodynamic, and reactive-transport model of the macrotidal Scheldt estuary (B/NL) and its tributaries has been developed to identify the driving forces controlling the temporal and spatial dynamics of primary production during a summer diatom bloom. The hydrodynamic model indicates that energy dissipation reaches its maximum 90 km upstream from the mouth, closely followed by a minimum farther upstream. Suspended particulate matter (SPM) dynamics is simulated to provide the transient light conditions in the water column. Results show that the spatial distribution of SPM mirrors closely the profile of energy dissipation. The temporal SPM dynamics is highly sensitive to fluctuations in river discharge, whose influence decreases downstream. Peaks in SPM are triggered by high discharges and can be recorded as far as 50 km seaward of the upstream model boundary. Results from the phytoplankton model demonstrate the fast response of diatom growth to changes in the physical environment, especially those due to daily variations in river discharge which continuously modify the SPM concentrations and residence times. Episodes of persistent low flow conditions lead to a progressive depletion of dissolved silica. Simulated diatom growth becomes increasingly controlled by silica availability, until primary production collapses. The spatiotemporal evolution of primary production is explored over the entire domain of forcing conditions. The distribution of the daily maximum of net primary production and its location reveal that four different system states can be identified in the forcing planes. The transition from one state to the other characterizes the diatom growth response in the estuary. Copyright 2007 by the American Geophysical Union.},
  issn = {21699291},
  doi = {10.1029/2006JC003581},
  url = {https://doi.org/10.1029/2006JC003581},
  file = {:C\:/Users/stolte/AppData/Local/Mendeley Ltd./Mendeley Desktop/Downloaded/Arndt, Vanderborght, Regnier - 2007 - Diatom growth response to physical forcing in a macrotidal estuary Coupling hydrodynamics, sedimen.pdf:PDF},
}

@PhdThesis{Boerstra2021,
  author = {D Boerstra},
  title = {{Visserij en schelpdierkweek op de Grevelingen}},
  year = {2021},
  keywords = {Waddenzee,Westerschelde,waddenzee},
  school = {Wageningen University},
  file = {:C\:/Users/stolte/AppData/Local/Mendeley Ltd./Mendeley Desktop/Downloaded/Boerstra - 2021 - Visserij en schelpdierkweek op de Grevelingen.pdf:PDF},
}

@Article{Soetaert1995,
  author = {Karline Soetaert and Peter M.J. Herman},
  title = {{Nitrogen Dynamics in the Westerschelde estuary (SW Netherlands) estimated by means of the ecosystem model MOSES.}},
  journal = {Hydrobiologia},
  year = {1995},
  volume = {311},
  number = {1-3},
  pages = {247--266},
  keywords = {Westerschelde,autotrophy,budget,carbon,estuary,heterotrophy,primary production,zeespiegel},
  abstract = {The autotrophic production and heterotrophic consumption of organic matter in the Westerschelde, a highly turbid and eutrophic estuary in the Southwest Netherlands is examined by means of a dynamic simulation model. The model describes the ecologically relevant processes in thirteen spatial compartments and adequately fits most observed data. Three autotrophic processes are included in the model. Net pelagic photosynthetic production is relatively low (average 41. gC m(-2) yr(-1)) and three spatial compartments near the turbidity maximum zone are respiratory sinks of phytoplankton biomass. According to the model, net phytobenthic primary production is more important than pelagic primary production in the upstream half of the Westerschelde. On the scale of the entire estuary, benthic primary production amounts to about 60% of pelagic primary production. Water-column nitrification, which is very important in the nitrogen cycle, is most pronounced near the turbidity zone where it accounts for the major autotrophic fixation of carbon (up to 27 g C m(-2) yr(-1)). Viewed on the scale of the total estuary, however, the process is not very important. Less than 20% of total organic carbon input to the estuary is primary produced, the remainder is imported from waste discharges and from the river. The degree of heterotrophy of the Westerschelde estuary proved to be one of the highest yet reported. On average 380 g carbon per square metre is net lost per year (range 200-1200 gC m(-2) yr(-1)). The yearly community respiration (bacterial mineralization, respiration of higher trophic levels and sedimentation) is 4 to 35 times (estuarine mean of 6) higher than the net production. This degree of heterotrophy is highest near the turbidity maximum and generally decreases from the freshwater to the seaward boundary. About 75% of all carbon losses can be ascribed to pelagic heterotrophic processes; the sediment is only locally important. Mineralisation rates are highest in the turbidity region, but as only a fraction of total carbon resides here, less than 20% of all organic carbon is lost in this part of the estuary. This result is in contradiction with a previous budget of the estuary, based on data of the early seventies, where more than 80% of all carbon was estimated to be lost in the turbidity zone. Part of this discrepancy is probably caused by changes that have occurred in the estuary since that time. Due to the high heterotrophic activity, nearly all imported and in situ produced carbon is lost in the estuary itself and the Westerschelde is an insignificant source of organic matter to the coastal zone. The model estuary acts as a trap for reactive organic matter, both from the land, from the sea or in situ produced. Internal cycling, mainly in the water column, results in the removal of most of the carbon while the more refractory part is exported to the sea.},
  issn = {00188158},
  doi = {10.1007/BF00008584},
  url = {https://doi.org/10.1007/BF00008584},
  file = {:C\:/Users/stolte/AppData/Local/Mendeley Ltd./Mendeley Desktop/Downloaded/Soetaert, Herman - 1995 - Nitrogen Dynamics in the Westerschelde estuary (SW Netherlands) estimated by means of the ecosystem model MOSE.pdf:PDF},
}

@Article{W1989,
  author = {W Slooff},
  title = {{Basisdocument PAK}},
  journal = {RIVM, Bilthoven},
  year = {1989},
  volume = {Rapport 75},
  keywords = {Westerschelde},
}

@TechReport{VandenOever2019,
  author = {A {van den Oever}},
  title = {{Fytoplanktonanalyses in de zoute Rijkswateren MWTL 2018 , digitale basisrapportage.}},
  year = {2019},
  institution = {Bureau Waardenburg},
  address = {Haren},
  keywords = {Eastern Scheldt,Oosterschelde,Waddenzee,Westerschelde,veersemeer,waddenzee},
  url = {http://publicaties.minienm.nl/documenten/fytoplanktononderzoek-in-de-zoute-rijkswateren-mwtl-2018},
  file = {:C\:/Users/stolte/AppData/Local/Mendeley Ltd./Mendeley Desktop/Downloaded/van den Oever - 2019 - Fytoplanktonanalyses in de zoute Rijkswateren MWTL 2018 , digitale basisrapportage.pdf:PDF},
}

@TechReport{WitteveenBos2012,
  author = {R Nieuwkamer},
  title = {{Natuur- en recreatieschap de Grevelingen MIRT Verkenning Grevelingen milieueffectrapport}},
  year = {2012},
  institution = {Witteveen en Bos},
  address = {Deventer},
  keywords = {Eastern Scheldt,Grevelingen,Oosterschelde,Westerschelde},
  file = {:C\:/Users/stolte/AppData/Local/Mendeley Ltd./Mendeley Desktop/Downloaded/Nieuwkamer - 2012 - Natuur- en recreatieschap de Grevelingen MIRT Verkenning Grevelingen milieueffectrapport.pdf:PDF},
}

@TechReport{Rijksoverhied2021,
  author = {{Rijksoverheid}},
  title = {{Ontwerp Programma Noordzee 2022-2027}},
  year = {2021},
  institution = {Ministerie van Infrastructuur en Waterstaat},
  keywords = {Waddenzee,Westerschelde,waddenzee},
  abstract = {Het Programma Noordzee, inclusief de bijlage Mariene Strategie deel 3 (programma van maatregelen) is integraal onderdeel van het Nationaal Waterprogramma (NWP) 2022-2027. De samenhang in het waterbeleid waarop het NWP inzet, geldt ten volle ook voor het beheer en gebruik van de Noordzee. Diverse ontwikkelingen op en rond de Noordzee vertonen een vaste trend naar toenemende intensivering van het gebruik. Tegelijkertijd zijn nationaal en internatio- naal duidelijke randvoorwaarden gesteld om het ecosysteem van de Noordzee te kunnen herstellen en beschermen. De integraliteit in het waterbeheer, die het NWP voorstaat, is voor het Noordzeebeleid in de komende decennia dan ook niet een keuze uit verschillende opties, maar een harde noodzaak. De opgave voor de komende jaren is het vinden van de juiste maatschap- pelijke balans om te kunnen komen tot een efci{\"{e}}nte en veilige ruimtelijke ontwikkeling van de Noordzee die past binnen de randvoorwaarden van een gezond ecosysteem. Met het Programma Noordzee 2022-2027 stelt het Rijk de kaders voor ruimtelijk gebruik van de Noordzee in relatie tot de toestand van het mariene ecosysteem, en voor het beleid gericht op het verbeteren van de milieutoestand. Die kaderstelling is voor het ecosysteem en de verdere relevante nationale belangen uit de Nationale Omgevingsvisie (NOVI) uitgewerkt in een beschrijving van het huidig gebruik, de actuele en te verwachten ontwikkelingen, de daarmee samenhangende toekomst- visie en opgaven, het ontwikkelde beleid en beheer en tot slot de kennisopgave. Internationale},
  url = {https://www.platformparticipatie.nl/nationaalwaterprogramma/ontwerp+nwp/relevante+documenten+nwp+ontwerp/default.aspx#folder=1917258},
  file = {:C\:/Users/stolte/AppData/Local/Mendeley Ltd./Mendeley Desktop/Downloaded/Rijksoverheid - 2021 - Ontwerp Programma Noordzee 2022-2027.pdf:PDF},
}

@TechReport{Wetsteyn,
  author = {L P M J Wetsteyn and R N M Duin and J C Kromkamp and M J Latuhihin and J Peene and A Pouwer and T C Prins},
  title = {Rapp. RIKZ/2003.049},
  year = {2003},
  institution = {Rijkswaterstaat},
  keywords = {Westerschelde},
}

@Article{ELR2013,
  author = {{Deltares}},
  title = {{Eerstelijnsrapportage Westerschelde 2013}},
  journal = {Kenmerk: 1209394-000-ZKS-0016},
  year = {2014},
  keywords = {Westerschelde},
}

@TechReport{Waterstaatkundige2013,
  author = {M W M Bogaart-Scholte and M H {van der Weijden} and A Naber and L P M J Wetsteijn and M Roos},
  title = {{Rijkswaterstaat, MWTL Meetplan 2013}},
  year = {2013},
  institution = {RWS},
  address = {Lelystad},
  keywords = {Eastern Scheldt,Ecotopenstelsel,Grevelingen,Oosterschelde,Waddenzee,Westerschelde,ecotopenstelsel,veersemeer,waddenzee},
  url = {http://www.rijksoverheid.nl/documenten-en-publicaties%0Awww.helpdeskwater.nl},
  file = {:C\:/Users/stolte/AppData/Local/Mendeley Ltd./Mendeley Desktop/Downloaded/Bogaart-Scholte et al. - 2013 - Rijkswaterstaat, MWTL Meetplan 2013.pdf:PDF},
}

@Article{Colen2009,
  author = {C Van Colen and K Verbist and M Vincx and M Steyaert and J Vanaverbeke and P M J J Herman and S Degraer and T Ysebaert and C {Van Colen} and F Montserrat},
  title = {{Tidal flat nematode responses to hypoxia and subsequent macrofauna-mediated alterations of sediment properties}},
  journal = {Marine Ecology Progress Series},
  year = {2009},
  volume = {381},
  pages = {189--197},
  keywords = {Benthic community recovery,Hypoxia,Intertidal mudflat,Macrofauna-meiofauna interactions,Sediment dynamics,The Netherlands,Waddenzee,Westerschelde,Westerschelde estuary,benthic community recovery,dynamics,hypoxia,intertidal mudflat,macrofauna-meiofauna interactions,of the publisher,permitted without written consent,resale or republication not,sediment,the netherlands,waddenzee,westerschelde estuary,zeespiegel},
  abstract = {To assess the role of macrofauna-mediated sediment changes on nematode community recovery, we examined the temporal development of macrobenthos, nematode communities and sediment properties following hypoxia in 16 m 2 replicated plots over a 6 mo period. Hypoxia drastically changed nematode community composition (i.e. reduced diversity and abundances of all dominant nematodes, except Odontophora spp.), but complete mortality, as was the case for the macrobenthos, did not occur. Macrofauna diversity recovered slowly, but community composition approached that of control communities after several months. In contrast, nematode diversity recovered to control values within 1 mo but, subsequently, decreased again; hence, no clear convergence towards the control community composition was apparent. This diversity decline and lack of community recovery was mainly attributed to abundance overshoots of the epistrate feeding nematodes Chromadora spp., Daptonema spp. and Ptycholaimellus ponticus in the treatments, which dominated the treatment community after 2 mo. Nematode community reassembling was strongly related to the coupled macrobenthos-environmental temporal development. The dynamics of 2 sediment characteristics, which were both mediated by the colonizing macrobenthos, are presented as possible determinant factors for this relationship: (1) low nematode post-settlement resuspension resulting from stable sediments at early macrofauna recovery stages and (2) enhanced nematode reproduction and settlement success in a dense microphytobenthos mat in relation to the temporal variation in macrobenthos grazing pressure and bioturbation. In conclusion, the strong relationships between macrobenthos recovery, environmental development and nematode community development after hypoxia highlight the importance of macrobenthos-sediment interactions in the recovery and structuring of nematode communities. {\textcopyright} 2009 Inter-Research.},
  issn = {01718630},
  doi = {10.3354/meps07914},
  url = {https://doi.org/10.3354/meps07914},
  file = {:C\:/Users/stolte/AppData/Local/Mendeley Ltd./Mendeley Desktop/Downloaded/Colen et al. - 2009 - Tidal flat nematode responses to hypoxia and subsequent macrofauna-mediated alterations of sediment properties.pdf:PDF},
}

@Article{Schneider2020b,
  author = {Lisa K Schneider and Konstantinos Anestis and Joost Mansour and Anna A Anschtz and Nathalie Gypens and Per J Hansen and Uwe John and Kerstin Klemm and Jon Lapeya Martin and Nikola Medic and {Others}},
  title = {{A dataset on trophic modes of aquatic protists}},
  journal = {Biodiversity data journal},
  year = {2020},
  publisher = {Pensoft Publishers},
  volume = {8},
  keywords = {Westerschelde},
}

@TechReport{Maris2010,
  author = {Tom Maris and Lotte Oosterlee and Patrick Meire},
  title = {{baggeractiviteiten en havenuitbreiding in de Zeeschelde op het milieu}},
  year = {2010},
  institution = {Universiteit Antwerpen},
  address = {Antwerpen},
  keywords = {Westerschelde,primary production,zeespiegel,zeespiegelmonitor},
  url = {http://www.vliz.be/nl/open-marien-archief?module=ref&refid=244263},
  file = {:C\:/Users/stolte/AppData/Local/Mendeley Ltd./Mendeley Desktop/Downloaded/Maris, Oosterlee, Meire - 2010 - baggeractiviteiten en havenuitbreiding in de Zeeschelde op het milieu.pdf:PDF},
}

@Article{ELR2015,
  author = {{Deltares}},
  title = {{Eerstelijnsrapportage Westerschelde 2015}},
  journal = {Kenmerk: 1209394-000-ZKS-0016},
  year = {2016},
  keywords = {Westerschelde},
}

@TechReport{VanderMolen2018,
  author = {J {Van der Molen} and R Pot and C H M C H M Evers and F C J F C J {van Herpen} and L L J {van Nieuwerburgh} and D T {van der Molen}},
  title = {Water},
  year = {2007},
  institution = {STOWA},
  number = {018},
  keywords = {Eastern Scheldt,Ecotopenstelsel,Grevelingen,Oosterschelde,Waddenzee,Westerschelde,ecotopenstelsel,veersemeer,waddenzee,zeespiegel},
  abstract = {Men's interest in the contraceptive and reproductive spheres is often considered to be minimal, with management of these domains traditionally constructed as ``feminine.'' Despite this, some men, who have no interest in having children, choose to take a higher degree of control over their reproductive bodies, voluntarily seeking a ``preemptive'' vasectomy. This article reports on interview data with twelve men who had preemptive vasectomies, describing the shared meaning making (and subject positions) many of these men took up in relation to the operation. The subject positions can be identified by (1) descriptions of themselves and/or their lifestyles as ``selfish,'' and (2) descriptions of themselves and/or their lifestyles as ``unconventional.'' While these self-descriptors might be construed negatively, an indication of marginalization, the authors would argue that the men were able to put a positive spin on these features using neoliberal discourses of choice and personal responsibility. Access to such discourses might be seen as an indication of the men's privileged rather than marginalized status, allowing them to make such a decision ``easier'' than it might be for many women. The authors would also suggest that having a preemptive vasectomy might be seen as a rejection of contemporary modes of involved fatherhood.},
  url = {http://www.vliz.be/imis/imis.php?module=ref&refid=135200 https://www.stowa.nl/publicaties/referenties-en-maatlatten-voor-natuurlijke-watertypen-voor-de-kaderrichtlijn-water-2021},
  file = {:C\:/Users/stolte/AppData/Local/Mendeley Ltd./Mendeley Desktop/Downloaded/van der Molen, Pot - 2007 - Referenties en maatlatten voor natuurlijke watertypen voor de Kaderrichtlijn Water 2021-2027.pdf:pdf;:C\:/Users/stolte/AppData/Local/Mendeley Ltd./Mendeley Desktop/Downloaded/Van der Molen, Pot - 2007 - Referenties en maatlatten voor natuurlijke watertypen voor de Kaderrichtlijn Water.pdf:pdf;:C\:/Users/stolte/AppData/Local/Mendeley Ltd./Mendeley Desktop/Downloaded/van der Molen et al. - 2012 - Referenties en maatlatten voor natuurlijke watertypen voor de kaderrichtlijn water 2015-2021.pdf:pdf;:C\:/Users/stolte/AppData/Local/Mendeley Ltd./Mendeley Desktop/Downloaded/Van der Molen et al. - 2018 - Referenties en maatlatten voor natuurlijke watertypen voor de Kaderrichtlijn Water 2021-2027.pdf:PDF},
}

@Article{DAGGERS2018129,
  author = {Tisja D Daggers and Jacco C Kromkamp and Peter M J Herman and Daphne {van der Wal}},
  title = {{A model to assess microphytobenthic primary production in tidal systems using satellite remote sensing}},
  journal = {Remote Sensing of Environment},
  year = {2018},
  volume = {211},
  pages = {129--145},
  keywords = {Mapping,Microphytobenthos,Multiple linear regression,Photosynthesis,Primary production,Remote sensing,Tidal flats,Westerschelde,primary production},
  abstract = {Quantifying spatial variability in intertidal benthic productivity is necessary to guide management of estuaries and to understand estuarine ecological processes, including the amount of benthic organic carbon available for grazing, burial and transport to the pelagic zone. We developed a model to assess microphytobenthic (MPB) primary production using (1) remotely sensed information on MPB biomass and remotely sensed information on sediment mud content, (2) surface irradiance and ambient temperature (both from local meteorological observations), (3) directly-measured photosynthetic parameters and (4) a tidal model. MPB biomass was estimated using the normalized-difference vegetation index (NDVI) and mud content was predicted using surface reflectance in the blue and near-infrared, both from Landsat 8 satellite imagery. The photosynthetic capacity (maximum photosynthesis rate normalized to MPB chl-a) was estimated from ambient temperature, while photosynthetic efficiency and the light saturation parameter were derived from in situ fluorometry-based production measurements (PAM). The influence of tides (submergence by turbid water) on MPB production was accounted for in the model. The method was validated on several locations in two temperate tidal basins in the Netherlands (Oosterschelde and Westerschelde). Model based production rates (mgCm2h1) matched well with an independent set of in situ (PAM) measurement based production rates (Oosterschelde: RMSE=9.7, mean error=1.5, $\chi$=0.57; Westerschelde: RMSE=46.7, mean error=17.6, $\chi$=0.9). The relationship between photosynthetic capacity and temperature shows considerable variation and may be improved by using sediment surface temperature instead of ambient temperature. A sensitivity analysis revealed that emersion duration and mud content determine most of the variability in MPB production. Our results demonstrate that it is possible to derive a satellite remote sensing-based overview of average hourly and daily MPB primary production rates at the macro scale. As the proposed model is generic, the model can be applied to other tidal systems to assess spatial variability in MPB primary production at the macro scale after calibration at the site of interest. Model calibration, results and possible applications for regular monitoring of MPB production are discussed below.},
  issn = {0034-4257},
  doi = {https://doi.org/10.1016/j.rse.2018.03.037},
  url = {https://www.sciencedirect.com/science/article/pii/S003442571830138X},
  url = {https://www.sciencedirect.com/science/article/pii/S003442571830138X},
}

@TechReport{VanBerchum1997,
  author = {A M {van Berchum} and G Wattel},
  title = {{De Oosterschelde , van estuarium naar zeearm. Bekkenrapportage 1991 - 1996}},
  year = {1997},
  institution = {Ministerie van Verkeer en Waterstaat. Rijksinstituut voor Kust en Zee / RIKZ},
  keywords = {Ecotopenstelsel,Oosterschelde,Waddenzee,Westerschelde,ecotopenstelsel,primary production,veersemeer,waddenzee,zeespiegelmonitor},
  isbn = {9036934818},
  url = {https://eur03.safelinks.protection.outlook.com/?url=https%253A%252F%252Fwww.zeeweringenwiki.nl%252Fwiki%252Findex.php%252FBestand%253ABerchum_en_Wattel_Bekkenrapportage_1997.pdf&data=04%257C01%257C%257C8983474fa556469d2bb608d9ad8cd30b%257C15f3fe0ed7124981},
  file = {:C\:/Users/stolte/AppData/Local/Mendeley Ltd./Mendeley Desktop/Downloaded/van Berchum, Wattel - 1997 - De Oosterschelde , van estuarium naar zeearm. Bekkenrapportage 1991 - 1996.pdf:PDF},
}

@Article{Koeman2009,
  author = {R P T Koeman and C J E Brochard and K Fockens and A {van den Oever} and R M {van Wezel} and G Mulderij},
  title = {{Geannoteerde soortenlijst biomonitoring fytoplankton Nederlandse zoute wateren 1990-2008. Rapport 2009-098}},
  journal = {Koeman en Bijkerk bv, Haren.},
  year = {2009},
  keywords = {Westerschelde},
}

@Misc{Archief2018,
  author = {{Nationaal Archief}},
  title = {{Inventaris van het archief van de Dienst Getijdewateren van het Ministerie van Verkeer en Waterstaat, (1977) 1985 - 1993.}},
  year = {2018},
  publisher = {Ministerie van Onderwijs, Cultuur en Wetenschap},
  address = {Den Haag},
  pages = {1985--1993},
  keywords = {Waddenzee,Westerschelde,waddenzee,zeespiegel},
  file = {:C\:/Users/stolte/AppData/Local/Mendeley Ltd./Mendeley Desktop/Downloaded/Nationaal Archief - 2018 - Inventaris van het archief van de Dienst Getijdewateren van het Ministerie van Verkeer en Waterstaat, (1977).pdf:PDF},
}

@TechReport{Hoijtink2020,
  author = {R Hoijtink and M Vroege and R Schreuders},
  title = {{Protocol monitoring en toestandsbeoordeling oppervlaktewaterlichamen KRW}},
  year = {2021},
  institution = {Rijkswaterstaat, Arcadis},
  keywords = {Ecotopenstelsel,Westerschelde,ecotopenstelsel},
  file = {:C\:/Users/stolte/AppData/Local/Mendeley Ltd./Mendeley Desktop/Downloaded/Hoijtink, Vroege, Schreuders - 2021 - Protocol monitoring en toestandsbeoordeling oppervlaktewaterlichamen KRW.pdf:PDF},
}

@TechReport{GeurtsvanKessel2004,
  author = {A J M {Geurts van Kessel}},
  title = {{Verlopend tij: Oosterschelde, een veranderd natuurmonument}},
  year = {2004},
  institution = {Ministerie van Verkeer en Waterstaat, Rijksinstituut voor kust en Zee / RIKZ.},
  keywords = {Ecotopenstelsel,Oosterschelde,Verlopend tij,Waddenzee,Westerschelde,ecologis,ecotopenstelsel,veersemeer,waddenzee,zandhonger},
  isbn = {9036934583},
  url = {https://eur03.safelinks.protection.outlook.com/?url=https%3A%2F%2Fwww.zeeweringenwiki.nl%2Fimages%2Ff%2Fff%2FVerlopend_tij_Bekkenrapportage_Oosterschelde_2004.pdf&data=04%7C01%7C%7C8983474fa556469d2bb608d9ad8cd30b%7C15f3fe0ed7124981bc7cfe949af215bb%7C0%7C},
  file = {:C\:/Users/stolte/AppData/Local/Mendeley Ltd./Mendeley Desktop/Downloaded/Geurts van Kessel - 2004 - Verlopend tij Oosterschelde, een veranderd natuurmonument.pdf:PDF},
}

@TechReport{Sea,
  author = {Peter M.J. Herman and A {Cado van der Lelij} and Elena N Ieno and M Leopold and H Schekkerman and K Troost and J E Craeymeersch and A Bijleveld and L {Van de Bogaart}},
  title = {{Statistical analysis of effects of MSC Zoe incident on populations of protected species in Wadden Sea and North Sea.}},
  year = {2021},
  institution = {Deltares},
  address = {Delft},
  keywords = {Waddenzee,Westerschelde,primary production,waddenzee,zeespiegel},
  file = {:C\:/Users/stolte/AppData/Local/Mendeley Ltd./Mendeley Desktop/Downloaded/Herman et al. - 2021 - Statistical analysis of effects of MSC Zoe incident on populations of protected species in Wadden Sea and North S.pdf:PDF},
}

@TechReport{Nolte2015,
  author = {A J Nolte and D.S. Van Maren and J Vroom and M P Weeber and a De Kluijver and W Stolte},
  title = {{Objectivering (goodness-of-fit) van de Eems-Dollard modellen voor slib en primaire productie}},
  year = {2015},
  institution = {Deltares},
  address = {Delft},
  keywords = {Eastern Scheldt,Oosterschelde,Waddenzee,Westerschelde,primary production,waddenzee,zeespiegel},
  isbn = {1209459000},
  file = {:C\:/Users/stolte/AppData/Local/Mendeley Ltd./Mendeley Desktop/Downloaded/Nolte et al. - 2015 - Objectivering (goodness-of-fit) van de Eems-Dollard modellen voor slib en primaire productie.pdf:PDF},
}

@Article{Montserrat2008,
  author = {F Montserrat and C {Van Colen} and S Degraer and T Ysebaert and P M J J Herman and C Van Colen},
  title = {{Benthic community-mediated sediment dynamics}},
  journal = {Marine Ecology Progress Series},
  year = {2008},
  month = {dec},
  volume = {372},
  number = {1},
  pages = {43--59},
  keywords = {Bio-physical interactions,Deposition,Erosion,Grain size,Intertidal,Macrobenthos,Microphytobenthos,Sediment,Waddenzee,Westerschelde,bio-physical interactions,deposition,erosion,grain size,intertidal,macroben-,microphytobenthos,of the publisher,permitted without written consent,primary production,resale or republication not,sediment,thos,waddenzee,zeespiegel},
  abstract = {We assessed the influence of benthic communities on sediment properties in large defaunation experiments in replicated 16 m2 plots on a tidal flat in the Westerschelde estuary (SW Netherlands). We compared microphytobenthos and benthic macrofauna recovery and recolonisation between control and defaunated sediments during 8 mo following the defaunation, focussing on how the temporal scale of biological responses interact with the temporal scale of sedimentolog- ical developments (grain size, bed level, erosion threshold). In the first month, microphytobenthos (surface chl a content) increased to > 3 times the control values and remained elevated until 3 mo after the start of the experiment. Macrofaunal recovery started with mobile mudsnails after only a few days. Tube-building macrofauna dominated first, followed by surface-disrupting species. Both groups became much more dominant in defaunated than in control plots. Surface pelletisers almost recovered to control levels after 4 mo, while biodiffusing bivalves did not recover during the course of the experiment. Mud content of the sediment surface first increased with chl a, but started to decrease, concomitant with an over-representation of surface disruptors. A similar trend was observed for critical erosion threshold. Bed elevation of experimental plots exceeded controls by several cm after 1 mo, and remained higher through summer. The time scales of changes in micro-phytobenthos and in abiotic characteristics of the sediment were largely set by the time scale of macrofauna recovery. Macrobenthos plays a critical, but complex role in the dynamics of intertidal sediments. {\textcopyright} Inter-Research 2008.},
  issn = {01718630},
  doi = {10.3354/meps07769},
  url = {https://doi.org/10.3354/meps07769},
  file = {:C\:/Users/stolte/AppData/Local/Mendeley Ltd./Mendeley Desktop/Downloaded/Montserrat et al. - 2008 - Benthic community-mediated sediment dynamics.pdf:PDF},
}

@TechReport{Referenties2007,
  author = {J G Baretta-Bekker and M S {Van den Berg} and R Bijkerk and H {Van Dam} and T Ietswaart and A M T Joosten and J {Van der Molen} and K Wolfstein},
  title = {{Achtergronddocument referenties en maatlatten fytoplankton}},
  year = {2008},
  institution = {RWS},
  keywords = {Eastern Scheldt,Oosterschelde,Waddenzee,Westerschelde,primary production,veersemeer,waddenzee},
  file = {:C\:/Users/stolte/AppData/Local/Mendeley Ltd./Mendeley Desktop/Downloaded/Baretta-Bekker et al. - 2008 - Achtergronddocument referenties en maatlatten fytoplankton.pdf:PDF},
}

@Article{Barranguet1998,
  author = {Christiane Barranguet and J Kromkamp and J Peene},
  title = {{Factors controlling primary production and photosynthetic characteristics of {\ldots}}},
  journal = {Marine Ecology Progress Series},
  year = {1998},
  volume = {173},
  number = {1994},
  pages = {117--126},
  keywords = {Eastern Scheldt,Oosterschelde,Waddenzee,Westerschelde,microphytobenthos,photosynthetic characteristics,primary production,tidal flats,waddenzee},
  abstract = {(1997). The results are expressed in mg chl a for the first mm of sediment. Primary production measurements. Carbon : Microphytobenthic potential production, calculated as 14C  , was measured in a photosyn- thetron (Lewis & Smith 1983). },
  url = {http://www.int-res.com/articles/meps/173/m173p117.pdf},
  file = {:C\:/Users/stolte/AppData/Local/Mendeley Ltd./Mendeley Desktop/Downloaded/Barranguet, Kromkamp, Peene - 1998 - Factors controlling primary production and photosynthetic characteristics of {\ldots}.pdf:PDF},
}

@TechReport{Lilipaly2021,
  author = {S J Lilipaly and M S J Sluijter},
  title = {{Kustbroedvogels in het Deltagebied in 2020}},
  year = {2021},
  institution = {Deltamilieu projecten},
  address = {Vlissingen},
  keywords = {Oosterschelde,Westerschelde},
  url = {https://library.wur.nl/WebQuery/hydrotheek/2303974},
  file = {:C\:/Users/stolte/AppData/Local/Mendeley Ltd./Mendeley Desktop/Downloaded/Lilipaly, Sluijter - 2021 - Kustbroedvogels in het Deltagebied in 2020.pdf:PDF},
}

@Article{Peperzak2010a,
  author = {Louis Peperzak},
  title = {{An objective procedure to remove observer-bias from phytoplankton time-series}},
  journal = {Journal of Sea Research},
  year = {2010},
  month = {feb},
  volume = {63},
  number = {2},
  pages = {152--156},
  keywords = {Waddenzee,Westerschelde,waddenzee},
  issn = {13851101},
  doi = {10.1016/j.seares.2009.11.004},
  url = {http://linkinghub.elsevier.com/retrieve/pii/S138511010900121X},
  url = {http://linkinghub.elsevier.com/retrieve/pii/S138511010900121X},
  file = {:C\:/Users/stolte/AppData/Local/Mendeley Ltd./Mendeley Desktop/Downloaded/Peperzak - 2010 - An objective procedure to remove observer-bias from phytoplankton time-series.pdf:PDF},
}

@TechReport{Jong1994,
  author = {J De Jong},
  title = {{Directoraat-Generaal Rijkswaterstaat}},
  year = {1994},
  institution = {RIKZ},
  address = {Middelburg},
  keywords = {Eastern Scheldt,Oosterschelde,Waddenzee,Westerschelde,primary production,waddenzee},
  file = {:C\:/Users/stolte/AppData/Local/Mendeley Ltd./Mendeley Desktop/Downloaded/Unknown - Unknown - Ministerie van Verkeer en Waterstaat(2).pdf:PDF},
}

@TechReport{Holzhauer,
  author = {C F {Van Duin} and M {Vrij Peerdeman} and H Jaspers and A M Bucholc and Harriette {Meijer Holzhauer} and Sophie Vergouwen and Jeroen Wijsman and Martin Baptist and {Deltares} and C J Jaspers and S C Wessels and Valesca Harezlak and Arnold {van Rooijen} and Yann Friocourt and Thijs {van Kessel} and Hans Los and H Holzhauer and {van der Valk B} and Pieter-Koen Tonnon and Jebbe {van der Werf} and Ap {van Dongeren} and Joost Stronkhorst and Chris Sprengers and Albert Oost and Jan Mulder and Gerben {de Boer}},
  title = {{Modelberekeningen slib en primaire productie Winning suppletiezand Noordzee}},
  year = {2012},
  institution = {Deltares},
  address = {Delft},
  number = {december 2017},
  keywords = {Eastern Scheldt,Grevelingen,Oosterschelde,Waddenzee,Westerschelde,waddenzee},
  isbn = {Z4792},
  url = {https://www.natuurlijkveilig.nl/documenten/publicaties/2017/05/09/ecologische-effecten-van-kustsuppleties},
  file = {:C\:/Users/stolte/AppData/Local/Mendeley Ltd./Mendeley Desktop/Downloaded/Van Duin et al. - 2012 - Modelberekeningen slib en primaire productie Winning suppletiezand Noordzee.pdf:PDF},
}

@TechReport{Jagt2021,
  author = {H A Van Der Jagt and P Neijenhuis and P B Broeckx and P J De Gier and D B Kruijt},
  title = {{Ecologische monitoring Veerse Meer 2021 Wieren en bodemgesteldheid}},
  year = {2021},
  institution = {Bureau Waardenburg},
  keywords = {Ecotopenstelsel,Waddenzee,Westerschelde,ecotopenstelsel,waddenzee},
  file = {:C\:/Users/stolte/AppData/Local/Mendeley Ltd./Mendeley Desktop/Downloaded/Jagt et al. - 2021 - Ecologische monitoring Veerse Meer 2021 Wieren en bodemgesteldheid.pdf:PDF},
}

@Article{Peperzak2010b,
  author = {L Peperzak},
  title = {{An objective procedure to remove observer-bias from phytoplankton time-series}},
  journal = {J. Sea Res.},
  year = {2010},
  keywords = {Westerschelde},
}

@TechReport{Dankers2009,
  author = {H Sips and C {de Leeuw}},
  title = {{Natuurherstelplan Waddenzee. Bouwsteen thema 1: Wadbodem en waterkolom}},
  year = {2009},
  institution = {Ministerie van Landbouw, Natuur en Voedselkwaliteit},
  number = {november},
  keywords = {Ecotopenstelsel,Waddenzee,Westerschelde,ecotopenstelsel,waddenzee,zeespiegel},
  file = {:C\:/Users/stolte/AppData/Local/Mendeley Ltd./Mendeley Desktop/Downloaded/Sips, de Leeuw - 2009 - Natuurherstelplan Waddenzee. Bouwsteen thema 1 Wadbodem en waterkolom.pdf:PDF},
}

@Article{1988,
  author = {C Bakker and M L M Tackx and P {van Rijswijk}},
  title = {{Planktoncopepoden en hun voedsel in de Oosterschdle}},
  journal = {Hydrobiologisch onderzoek in Nederland},
  year = {1988},
  volume = {6},
  pages = {37--52},
  keywords = {Eastern Scheldt,Oosterschelde,Westerschelde,veersemeer},
  file = {:C\:/Users/stolte/AppData/Local/Mendeley Ltd./Mendeley Desktop/Downloaded/Bakker, Tackx, van Rijswijk - 1988 - Planktoncopepoden en hun voedsel in de Oosterschdle.pdf:PDF},
}

@TechReport{Kessel2008,
  author = {Thijs Van Kessel and Joris Vanlede},
  title = {{Impact of harbour basins on mud dynamics Scheldt estuary}},
  year = {2008},
  institution = {Deltares},
  address = {Delft},
  keywords = {Waddenzee,Westerschelde,waddenzee,zeespiegel},
  file = {:C\:/Users/stolte/AppData/Local/Mendeley Ltd./Mendeley Desktop/Downloaded/Kessel, Vanlede - 2008 - Impact of harbour basins on mud dynamics Scheldt estuary.pdf:PDF},
}

@Article{Bouma2013,
  author = {Tjeerd J Bouma and Jim {van Belzen} and Thorsten Balke and Zhenchang Zhu and Laura Airoldi and Andrew J Blight and Andrew J Davies and Cristina Galvan and Steve J Hawkins and Simon P.G. Hoggart and Javier L Lara and Inigo J Losada and Maria Maza and Barbara Ondiviela and Martin W Skov and Elisabeth M Strain and Richard C Thompson and Shilun Yang and Barbara Zanuttigh and Liquan Zhang and Peter M.J. Herman},
  title = {{Identifying knowledge gaps hampering application of intertidal habitats in coastal protection: Opportunities & steps to take}},
  journal = {Coastal Engineering},
  year = {2013},
  month = {dec},
  publisher = {Elsevier B.V.},
  keywords = {Biogenic reefs,Coastal protection,Ecology,Intertidal ecosystems,Salt marshes,Seagrass,Westerschelde,zeespiegel},
  issn = {03783839},
  doi = {10.1016/j.coastaleng.2013.11.014},
  url = {http://linkinghub.elsevier.com/retrieve/pii/S037838391300197X},
  url = {http://linkinghub.elsevier.com/retrieve/pii/S037838391300197X},
  file = {:C\:/Users/stolte/AppData/Local/Mendeley Ltd./Mendeley Desktop/Downloaded/Bouma et al. - 2013 - Identifying knowledge gaps hampering application of intertidal habitats in coastal protection Opportunities & step.pdf:PDF},
}

@Book{VanRijn1994a,
  author = {L C {Van Rijn}},
  title = {{Principles of fluid flow and surface waves in rivers, estuaries, seas and oceans}},
  year = {1994},
  publisher = {Aqua Publications},
  keywords = {Westerschelde},
}

@TechReport{VanSon2021,
  author = {L {van Son} and E Verduin},
  title = {{MWTL Macrozo{\"{o}}benthos Veerse meer. Jaarrapportage 2020.}},
  year = {2021},
  institution = {Eurofins Aquasense},
  address = {Amsterdam},
  keywords = {Ecotopenstelsel,Veersemeer,Waddenzee,Westerschelde,ecotopenstelsel,waddenzee},
  file = {:C\:/Users/stolte/AppData/Local/Mendeley Ltd./Mendeley Desktop/Downloaded/van Son, Verduin - 2021 - MWTL Macrozo{\"{o}}benthos Veerse meer. Jaarrapportage 2020.pdf:PDF},
}

@TechReport{Vries2011,
  author = {P De Vries and J E Tamis and J.T. Tjalling {van der Wal} and R G Jak and D M E Slijkerman and J H M Schobben},
  title = {{Scaling human-induced pressures to population level impacts in the marine environment. Implementation of the prototype CUMULEO-RAM model.}},
  year = {2011},
  institution = {IMARES},
  address = {Wageningen},
  keywords = {Cumulative Effect Assessment (CEA),Eastern Scheldt,Ecotopenstelsel,North Sea coastal zone,Oosterschelde,Wadden Sea,Waddenzee,Westerschelde,ecotopenstelsel,modelling strategy,primary production,waddenzee,zeespiegel},
  abstract = {This document describes the implementation of a prototype of the CUMULEO-RAM model in a case study of the Wadden Sea and the Dutch North Sea coastal zone. The prototype is designed to quantify pressures of human activities in the marine environment and translate those pressures to (potential) effects on ecosystem indicators. The prototype was developed for the Netherlands Environmental Assessment Agency (PBL) in order to assess its potential use in strategic management decisions. The implemented prototype scales impacts from human activities to population relevant indicators, although actual population size and distribution are not determined. Focus for future work should be on expansion of the list of included human activities and pressures and not so much to attempt to incorporate population dynamics. The strength of the approach is in the transparency, it can be relatively easily understood. It combines spatial data to get insight in effects on survival and reproduction. The simplicity makes adjustments and extensions uncomplicated. The visual aspects combined with the speed of the calculations makes it a powerful tool to support discussions with experts, and it can guide or focus future research.},
  url = {http://www.wur.nl/en/Publication-details.htm?publicationId=publication-way-343232383733},
  file = {:C\:/Users/stolte/AppData/Local/Mendeley Ltd./Mendeley Desktop/Downloaded/Klok et al. - Unknown - werkdocumenten.pdf:pdf;:C\:/Users/stolte/AppData/Local/Mendeley Ltd./Mendeley Desktop/Downloaded/Vries, Tamis, Jak - Unknown - werkdocumenten.pdf:pdf;:C\:/Users/stolte/AppData/Local/Mendeley Ltd./Mendeley Desktop/Downloaded/Kooten, Klok - Unknown - The Mackinson-Daskalov North Sea EcoSpace model as a simulation tool for spatial planning scenarios.pdf:PDF},
}

@Misc{Stolte2019a,
  author = {W Stolte and B {van Rongen}},
  title = {{Eerstelijnrapportage Westerschelde}},
  year = {2019},
  publisher = {Deltares},
  address = {Delft},
  pages = {301},
  keywords = {Waddenzee,Westerschelde,waddenzee},
  url = {https://kennisbank.deltares.nl/Details/fullCatalogue/1000003587},
  file = {:C\:/Users/stolte/AppData/Local/Mendeley Ltd./Mendeley Desktop/Downloaded/Stolte, van Rongen - 2019 - Eerstelijnrapportage Westerschelde.pdf:PDF},
}

@TechReport{Nicolai2020,
  author = {Robin Nicolai and Job Verkaik},
  title = {{Advies kenmerkende waarden kust. Overzicht zeespiegelindicatoren.}},
  year = {2020},
  institution = {HKV, Deltares},
  address = {Lelystad},
  keywords = {Waddenzee,Westerschelde,sealevel,waddenzee,zeespiegel},
  url = {https://kennisbank.deltares.nl/Details/fullCatalogue/70785},
  file = {:C\:/Users/stolte/AppData/Local/Mendeley Ltd./Mendeley Desktop/Downloaded/Nicolai, Verkaik - 2020 - Advies kenmerkende waarden kust. Overzicht zeespiegelindicatoren.pdf:PDF},
}

@Article{Kromkamp1995ab,
  author = {Jacco Kromkamp and Jan Peene and Pieter {van Rijswijk} and Adri Sandee and Nico Goosen},
  title = {{Nutrients, light and primary production by phytoplankton and microphytobenthos in the eutrophic, turbid Westerschelde estuary (The Netherlands)}},
  journal = {Hydrobiologia},
  year = {1995},
  volume = {311},
  number = {1-3},
  pages = {9--19},
  keywords = {Eastern Scheldt,Grevelingen,Oosterschelde,Westerschelde,Westerschelde estuary,microphytobenthos,phytoplankton,primary production,turbidity,zeespiegel},
  abstract = {Abiotic factors and primary production by phytoplankton and microphytobenthos was studied in the turbid Westeschelde estuary. Because of the high turbidity and high nutrient concentrations primary production by phytoplankton is light-limited. In the inner and central parts of the estuary maximum rates of primary production were therefore measured during the summer, whereas in the more marine part spring and autumn bloom were observed. Organic loading is high, causing near anaerobic conditions upstream in the river Schelde. Because of this there were no important phytoplankton grazers in this part of the estuary and hence the grazing pressure on phytoplankton was minimal. As this reduced losses, biomass is maximal in the river Schelde, despite the very low growth rates. On a number of occasions, primary production by benthic micro-algae on intertidal flats was studied. Comparison of their rates of primary production to phytoplankton production in the same period led to the conclusion that the contribution to total primary production by benthic algae was small. The main reason for this is that the photosynthetic activity declines rapidly after the flats emerged from the water. It is argued that CO2-limitation could only be partially responsible for the noticed decrease in activity. {\textcopyright} 1995 Kluwer Academic Publishers.},
  issn = {00188158},
  doi = {10.1007/BF00008567},
  url = {https://doi.org/10.1007/BF00008567},
  file = {:C\:/Users/stolte/AppData/Local/Mendeley Ltd./Mendeley Desktop/Downloaded/Kromkamp et al. - 1995 - Nutrients, light and primary production by phytoplankton and microphytobenthos in the eutrophic, turbid Westers.pdf:PDF},
}

@TechReport{Baart2014a,
  author = {Fedor Baart and Robert Leander and John {de Ronde} and Hylke {de Vries} and Vincent Vuik and Robin Nicolai},
  title = {{Zeespiegelmonitor 2014}},
  year = {2014},
  institution = {Deltares},
  address = {Delft},
  number = {1209426.202},
  keywords = {Waddenzee,Westerschelde,waddenzee,zeespiegel,zeespiegelmonitor},
  file = {:C\:/Users/stolte/AppData/Local/Mendeley Ltd./Mendeley Desktop/Downloaded/Baart et al. - 2014 - Zeespiegelmonitor 2014.pdf:PDF},
}

@Article{Arndt2009,
  author = {Sandra Arndt and Pierre Regnier and Jean-Pierre Vanderborght},
  title = {{Seasonally-resolved nutrient export fluxes and filtering capacities in a macrotidal estuary}},
  journal = {Journal of Marine Systems},
  year = {2009},
  month = {aug},
  publisher = {Elsevier B.V.},
  volume = {78},
  number = {1},
  pages = {42--58},
  keywords = {Westerschelde,primary production},
  issn = {09247963},
  doi = {10.1016/j.jmarsys.2009.02.008},
  url = {http://linkinghub.elsevier.com/retrieve/pii/S0924796309001602},
  url = {http://linkinghub.elsevier.com/retrieve/pii/S0924796309001602},
  file = {:C\:/Users/stolte/AppData/Local/Mendeley Ltd./Mendeley Desktop/Downloaded/Arndt, Regnier, Vanderborght - 2009 - Seasonally-resolved nutrient export fluxes and filtering capacities in a macrotidal estuary.pdf:PDF},
}

@PhdThesis{Schneider2021a,
  author = {Kathleen Schneider},
  title = {{Coastal water management under the mixoplankton paradigm}},
  year = {2021},
  keywords = {Waddenzee,Westerschelde,primary production,veersemeer,waddenzee,zeespiegel},
  school = {Universite Libre, Bruxelles},
  file = {:C\:/Users/stolte/AppData/Local/Mendeley Ltd./Mendeley Desktop/Downloaded/Schneider - 2021 - Coastal water management under the mixoplankton paradigm.pdf:pdf;:C\:/Users/stolte/AppData/Local/Mendeley Ltd./Mendeley Desktop/Downloaded/Schneider - 2021 - Coastal water management under the mixoplankton paradigm(2).pdf:PDF},
}

@TechReport{Baart2019,
  author = {Fedor Baart and Guus Rongen and Marc Hijma and Henk Kooi and Renske {De Winter} and Robin Nicolai},
  title = {{Zeespiegelmonitor 2018, De stand van zaken rond de zeespiegelstijging langs de Nederlandse kust.}},
  year = {2019},
  institution = {Deltares},
  address = {Delft},
  keywords = {Waddenzee,Westerschelde,Zeespiegelstijging,waddenzee,zeespiegel,zeespiegelmonitor},
  abstract = {De stand van zaken rond de zeespiegelstijging langs de Nederlandse kust},
  url = {https://publications.deltares.nl/11202193_000.pdf},
  file = {:C\:/Users/stolte/AppData/Local/Mendeley Ltd./Mendeley Desktop/Downloaded/Baart et al. - 2019 - Zeespiegelmonitor 2018, De stand van zaken rond de zeespiegelstijging langs de Nederlandse kust.pdf:PDF},
}

@TechReport{Rijkswaterstaat2016,
  author = {{Rijkswaterstaat}},
  title = {{150 jaar Kanaal door Zuid-Beveland}},
  year = {2016},
  institution = {Rijkswaterstaat},
  keywords = {Westerschelde},
  url = {www.kanaal1866.nl},
  file = {:C\:/Users/stolte/AppData/Local/Mendeley Ltd./Mendeley Desktop/Downloaded/Rijkswaterstaat - 2016 - 150 jaar Kanaal door Zuid-Beveland.pdf:PDF},
}

@TechReport{Wetsteijn2011,
  author = {L P M J Wetsteijn},
  title = {{Grevelingenmeer: meer kwetsbaar? Lelystad, The Netherlands}},
  year = {2011},
  institution = {RWS Waterdienst},
  address = {Lelystad},
  keywords = {Eastern Scheldt,Ecotopenstelsel,Grevelingen,Oosterschelde,Waddenzee,Westerschelde,ecotopenstelsel,primary production,veersemeer,waddenzee},
  file = {:C\:/Users/stolte/AppData/Local/Mendeley Ltd./Mendeley Desktop/Downloaded/Wetsteijn - 2011 - Grevelingenmeer meer kwetsbaar Lelystad, The Netherlands.pdf:PDF},
}

@TechReport{Stolte2019b,
  author = {W Stolte and R Schueder},
  title = {{Update of the water quality model application of the Schelde for the year 2014}},
  year = {2019},
  institution = {Deltares},
  address = {Delft},
  keywords = {Westerschelde,primary production,zeespiegel},
  file = {:C\:/Users/stolte/AppData/Local/Mendeley Ltd./Mendeley Desktop/Downloaded/Stolte, Schueder - 2019 - Update of the water quality model application of the Schelde for the year 2014.pdf:PDF},
}

@Article{VanKessel2011,
  author = {Thijs {van Kessel} and Joris Vanlede and Johan {de Kok}},
  title = {{Development of a mud transport model for the Scheldt estuary}},
  journal = {Continental Shelf Research},
  year = {2011},
  volume = {31},
  number = {10 SUPPL.},
  keywords = {3D model,Scheldt estuary,Seasonal dynamics,Suspended sediment,Westerschelde,schelde},
  abstract = {A mud transport model for the Scheldt estuary is being developed. Its purpose is to support managers of the Scheldt estuary with the solutionofa numberof managerial issues. The model domain ranges from the tidal boundary at Gent down to the Belgian coastal cities of Nieuwpoort and Zeebrugge. The hydrodynamic simulations on which the mud transport model is based show realistic values for water levels, salinities and residual currents in the major part of the model domain. However, the propagation of the tidal wave is modelled less accurately upstream of Antwerp. Regardingthemud transport simulations, which are based onsimple process formulations, it isshown that a satisfactory agreement is obtained between computed and observed concentration levels and their spatial and temporal variations. SPM levels in the Scheldt appear to be rather sensitive to the volume of harbour siltation and dumping, notably near Antwerp. The sediment budget computed by the model includes an unrealistically high residual sediment flux towards the North Sea. By enhancing the estuarine mud circulation, the modelled residual flux becomes smaller and agrees better with observation-based estimates. A longer hydrodynamic simulation period (presently up to 3 months) would help to analyse the sediment budget and seasonal dynamics in more detail. {\textcopyright} 2010 Elsevier Ltd.},
  issn = {02784343},
  doi = {10.1016/j.csr.2010.12.006},
  url = {https://doi.org/10.1016/j.csr.2010.12.006},
  file = {:C\:/Users/stolte/AppData/Local/Mendeley Ltd./Mendeley Desktop/Downloaded/van Kessel, Vanlede, de Kok - 2011 - Development of a mud transport model for the Scheldt estuary.pdf:PDF},
}

@Article{Cox2015,
  author = {Tom J S Cox and Tom Maris and Karline Soetaert and Jacco C Kromkamp and Patrick Meire and Filip Meysman},
  title = {{Estimating primary production from oxygen time series: A novel approach in the frequency domain}},
  journal = {Limnology and Oceanography: Methods},
  year = {2015},
  pages = {n/a--n/a},
  keywords = {Westerschelde,primary production,zeespiegel},
  issn = {15415856},
  doi = {10.1002/lom3.10046},
  url = {http://doi.wiley.com/10.1002/lom3.10046},
  url = {http://doi.wiley.com/10.1002/lom3.10046},
  file = {:C\:/Users/stolte/AppData/Local/Mendeley Ltd./Mendeley Desktop/Downloaded/Cox et al. - 2015 - Estimating primary production from oxygen time series A novel approach in the frequency domain.pdf:PDF},
}

@Article{Dillingh2012,
  author = {Douwe Dillingh and Fedor Baart and John {de Ronde}},
  title = {{Is er al versnelde zeespiegelstijging?}},
  journal = {H2O},
  year = {2012},
  volume = {45},
  number = {14},
  pages = {37},
  keywords = {Waddenzee,Westerschelde,waddenzee,zeespiegelmonitor},
  file = {:C\:/Users/stolte/AppData/Local/Mendeley Ltd./Mendeley Desktop/Downloaded/Dillingh, Baart, de Ronde - 2012 - Is er al versnelde zeespiegelstijging.pdf:PDF},
}
